2150 2904
199 361 286 392 ante
320 351 622 390 mandibularum
658 347 808 383 radices
847 352 885 382 et
919 357 1003 382 cum
1037 345 1176 380 dextro
1211 350 1249 380 et
1285 353 1368 379 cum
1400 344 1551 379 sinistro
1582 344 1788 392 pharyngis
1825 346 1947 381 latere

201 421 407 457 arctissime
441 416 627 451 cohaeret.
687 413 782 450 Cum
825 413 918 461 ipsis
960 412 1191 448 mandibulis
1234 411 1387 459 quidem
1427 410 1585 445 musculi
1618 412 1732 447 modo
1768 412 1951 459 descripti

201 496 383 533 nusquam
410 488 496 518 sunt
521 483 651 525 iuncti,
679 482 748 516 sed
773 486 920 516 tantum
949 491 1032 515 cum
1059 479 1265 526 pharyngis
1293 480 1423 514 tunica
1451 479 1640 521 cellulosa‚
1671 489 1783 524 quum
1808 485 1951 522 tamen,

204 566 274 601 quo
300 559 471 597 tempore
500 549 787 590 contrahuntur,
817 559 863 582 ea
883 548 1087 594 pharyngis
1114 557 1220 593 pars,
1263 557 1356 593 quae
1385 547 1613 594 posteriores
1649 543 1952 581 mandibularum

203 625 329 666 partes
357 617 614 664 amplectitur,
642 620 870 658 coarctetur,
897 615 978 649 fieri
1003 626 1080 648 non
1107 619 1243 660 potest,
1273 614 1362 660 quin
1388 620 1560 660 tempore
1590 623 1634 646 eo
1660 611 1727 645 illa
1748 610 1953 656 pharyngis

204 697 291 733 pars
321 670 480 719 alteram
506 683 767 718 mandibulam
794 682 903 716 alteri
931 681 1145 717 admoveat.
1200 681 1239 716 Si
1266 680 1502 727 pharyngem
1530 685 1631 722 tum,
1661 688 1773 725 quum
1800 677 1841 711 in
1875 689 1956 713 cor-

205 754 307 799 poris
330 761 423 786 cavo
449 750 603 796 penitus
627 749 731 790 latet,
759 749 1078 794 contemplamur,
1105 747 1321 783 videbimus
1347 747 1559 793 complures
1586 745 1698 779 fibras
1726 745 1957 791 musculares

206 819 252 853 ab
281 829 326 852 eo
352 817 447 858 loco,
474 815 539 850 ubi
566 815 732 849 anterior
758 814 906 848 tunicae
933 824 1117 848 mucosae.
1134 824 1220 860 pars
1247 815 1287 848 in
1317 813 1567 859 posteriorem
1586 812 1732 852 transit,
1761 804 1956 845 anteriora

205 894 338 921 versus
364 881 541 924 tendere,
578 881 711 927 capitis
740 881 919 915 annulum
953 886 1084 926 petere
1112 887 1149 914 ct
1175 886 1322 926 partem
1358 880 1464 914 illam
1498 879 1590 912 laxe
1613 883 1759 912 tantum
1793 876 1954 921 vaginae

206 951 324 985 instar
359 950 517 994 cingere.
575 946 745 982 Remotis
778 947 876 988 illis,
920 947 1126 981 nonnullae
1168 947 1415 983 inveniuntur
1453 945 1569 980 fibrae
1605 944 1821 984 circulares,
1860 952 1955 987 quae

207 1016 373 1050 tunicam
417 1013 635 1048 cellulosam
676 1018 777 1047 arcte
828 1013 1126 1058 amplectuntur,
1176 1013 1513 1058 tenuissimumque
1552 1012 1593 1046 in
1637 1022 1683 1044 ea
1728 1008 1958 1044 constituunt

209 1087 383 1116 stratum.

371 1145 562 1179 Posterior
596 1143 800 1189 pharyngis
839 1153 928 1187 pars
951 1142 1070 1176 multo
1098 1143 1233 1176 maiori
1259 1147 1339 1176 tum
1374 1141 1609 1175 circularium
1642 1145 1721 1174 tum
1757 1138 1961 1185 longitudi-

209 1213 352 1250 nalium
387 1210 567 1244 fibrarum
607 1208 873 1243 muscularium
908 1218 1067 1241 numero
1110 1206 1291 1240 instructa
1323 1211 1389 1239 est.
1450 1205 1542 1240 Illae
1576 1206 1725 1239 tunicae
1756 1206 1958 1240 cellulosae

209 1278 364 1325 propius
391 1281 478 1310 sunt
502 1275 598 1308 sitae
625 1279 736 1319 atque
761 1274 920 1307 crassius
947 1272 1133 1306 exhibent
1156 1278 1326 1314 stratum,
1357 1271 1458 1317 quod
1479 1272 1525 1306 ab
1549 1272 1736 1307 anteriore
1753 1271 1960 1318 pharyngis

209 1349 317 1390 parte
345 1352 460 1387 usque
489 1340 538 1375 ad
563 1351 627 1374 eos
655 1340 842 1373 musculos
871 1344 929 1372 est
957 1338 1206 1383 explicatum,
1231 1338 1364 1381 quibus
1390 1338 1537 1384 forceps
1565 1348 1588 1371 a
1614 1338 1846 1372 mandibulis
1873 1349 1961 1372 con-

212 1409 341 1443 stituta
381 1405 496 1440 modo
542 1405 682 1451 aperiri
722 1403 836 1438 modo
880 1402 1004 1438 claudi
1049 1408 1186 1449 potest.
1236 1401 1344 1449 (Tab.
1370 1402 1434 1437 III.
1484 1403 1564 1449 Fig.
1602 1406 1636 1446 5,
1665 1407 1698 1446 S,
1727 1406 1748 1438 9
1779 1409 1817 1438 et
1845 1407 1903 1446 10,
1930 1403 1961 1438 b.

210 1474 290 1519 Fig.
319 1476 352 1515 6,
376 1473 432 1517 e.).
481 1472 622 1506 Fibrae
667 1470 959 1516 longitudinales
998 1469 1200 1504 nonnullos
1253 1474 1484 1514 componunt
1532 1470 1751 1513 fasciculos,
1801 1480 1959 1517 quorum

213 1540 366 1585 quisque
394 1549 477 1572 cum
506 1538 638 1583 capitis
660 1537 870 1583 posteriore
897 1541 1004 1582 parte
1028 1536 1093 1571 vel
1118 1535 1220 1568 illius
1246 1536 1386 1569 annulo
1424 1541 1482 1570 est
1505 1536 1662 1571 iunctus.
1714 1536 1801 1570 Duo
1830 1545 1961 1569 eorum

211 1605 306 1638 alter
340 1603 451 1636 iuxta
485 1603 645 1636 alterum
673 1613 696 1635 a
722 1601 929 1646 pharyngis
960 1600 1077 1635 fundo
1112 1600 1414 1645 proficiscuntur,
1455 1601 1688 1646 divergendo
1729 1601 1961 1648 posteriores

211 1667 519 1702 mandibularum
535 1666 722 1700 musculos
743 1665 1076 1709 transgrediuntur,
1103 1666 1307 1711 pharyngis
1324 1666 1445 1700 latera
1460 1671 1607 1712 petunt,
1635 1672 1746 1713 atque
1765 1671 1961 1712 postremo

214 1734 262 1768 ad
286 1738 398 1780 caput
423 1733 662 1779 perveniunt.
697 1731 804 1777 (Tab.
830 1731 894 1764 111.
921 1731 1001 1776 Fig.
1030 1734 1063 1774 6,
1090 1733 1156 1778 ff.
1182 1731 1263 1776 Fig.
1292 1733 1326 1773 7,
1355 1731 1411 1775 e.).
1450 1730 1565 1765 quta
1598 1744 1663 1767 eos
1690 1732 1765 1767 duo
1793 1731 1858 1765 alii
1884 1730 1962 1765 fas·

212 1799 321 1834 ciculi
341 1810 364 1833 a
389 1799 594 1845 pharyngis
620 1798 737 1834 fundo
765 1798 1061 1844 proficiscuntur,
1089 1803 1200 1844 atque
1228 1797 1341 1831 iuxta
1369 1797 1499 1842 organi
1525 1798 1626 1833 illius
1645 1798 1780 1841 latera,
1809 1797 1961 1844 quibus-

213 1877 297 1900 cum
339 1872 469 1901 tamen
509 1876 692 1912 nusquam
733 1863 921 1899 coniuncti
962 1870 1066 1906 sunt,
1115 1864 1306 1898 anteriora
1355 1874 1489 1900 versus
1531 1864 1703 1898 tendunt.
1765 1862 1873 1909 (Tab.
1898 1862 1962 1897 III.

213 1932 294 1978 Fig.
319 1935 352 1975 6,
377 1931 441 1978 g.).
466 1931 638 1967 Aliarum
666 1932 843 1966 fibrarum
870 1931 1074 1965 nonnullae
1101 1930 1142 1964 in
1174 1930 1360 1976 superiori
1396 1929 1505 1974 (Tab.
1530 1929 1577 1964 ΙΙ.
1602 1930 1684 1976 Fig.
1713 1934 1744 1965 7.
1778 1928 1870 1964 Tab.
1897 1928 1962 1963 ΙΙΙ.

214 1999 246 2033 F
249 2000 295 2044 ig.
316 2001 350 2042 6,
377 1996 411 2040 b,
440 1999 467 2033 d
492 2004 530 2033 et
558 2011 588 2033 e.
609 1999 689 2044 Fig.
717 2001 750 2040 7,
778 1997 823 2042 b.)
850 1997 1016 2043 reliquae
1043 2007 1137 2032 vero
1162 1996 1203 2031 in
1229 1996 1402 2031 inferiori
1427 1996 1631 2042 pharyngis
1648 1996 1745 2030 facie
1772 1994 1881 2040 (Tab.
1897 1993 1962 2029 ΠΙ.

215 2064 246 2099 F
250 2065 295 2109 ig.
312 2068 345 2106 7,
365 2077 398 2099 a.
427 2064 458 2098 F
460 2065 507 2110 ig.
526 2068 559 2107 8,
579 2063 625 2110 e.)
652 2066 776 2100 locum
801 2064 955 2105 habent,
981 2068 1092 2109 atque
1121 2062 1195 2098 duo
1223 2063 1456 2099 constituunt
1473 2068 1602 2104 strata,
1630 2072 1786 2108 quorum
1802 2061 1962 2096 inferius

218 2131 401 2176 superiori
426 2136 484 2166 est
510 2132 679 2165 crassius.
731 2128 828 2164 Tiun
851 2129 952 2164 illius
979 2135 1059 2165 tum
1086 2127 1195 2163 huius
1222 2129 1390 2174 singulae
1425 2131 1540 2165 fibrae
1567 2126 1802 2172 longitudine
1831 2126 1961 2162 admo-

219 2195 306 2230 dum
333 2197 495 2239 variant‚
522 2197 776 2243 nonnullaque
809 2196 1033 2230 tenuissima
1063 2201 1101 2229 et
1121 2196 1253 2231 variae
1289 2194 1534 2241 longitudinis
1569 2193 1756 2228 exhibent
1787 2192 1962 2228 tenuiora

219 2265 351 2304 strata,
389 2274 543 2309 quorum
581 2264 676 2299 alter
708 2264 868 2297 alterum
904 2261 1006 2307 tegit.
1064 2260 1315 2296 Plurimorum
1353 2271 1481 2294 eorum
1514 2261 1704 2306 posterior
1737 2258 1961 2294 extremitas

219 2326 318 2359 inter
344 2329 470 2364 varias
486 2329 691 2376 pharyngis
718 2329 829 2363 fibras
857 2328 1053 2363 circulares
1080 2333 1118 2362 et
1142 2333 1387 2368 transversaS‚
1414 2325 1524 2361 unius
1550 2336 1643 2362 vero
1670 2325 1770 2360 inter
1788 2325 1960 2371 obliquas

219 2391 304 2425 illas
332 2392 464 2436 fibras,
492 2397 623 2440 quibus
649 2395 892 2432 mandibulae
918 2394 1084 2430 invicem
1111 2392 1281 2428 amoveri
1304 2399 1482 2437 possunt,
1509 2390 1690 2439 procedit.
1741 2389 1961 2436 Longitudi-

220 2457 368 2492 nalibus
394 2458 440 2493 iis
468 2460 588 2503 fibris,
625 2473 782 2508 quarum
816 2460 1019 2497 nonnullae
1052 2460 1098 2496 ab
1131 2458 1330 2501 interiore,
1359 2457 1544 2504 plurimae
1578 2469 1671 2495 vero
1699 2468 1722 2492 a
1751 2456 1961 2504 posteriore
