2150 2904
1043 254 1088 285 18

357 364 627 399 Intestinorum
655 366 796 396 tractus
825 365 863 394 et
890 358 1039 405 hepatis
1067 358 1145 393 lobi
1173 355 1222 391 ad
1247 354 1430 391 fabricam
1447 354 1562 389 simili
1580 355 1693 392 modo
1721 366 1761 391 se
1781 356 1936 401 habent,

194 438 306 478 atque
335 430 492 465 eaedem
521 428 748 462 seminarum
776 433 921 474 partes,
951 438 997 461 ea
1020 425 1236 460 differentia
1257 434 1370 467 vero,
1408 421 1509 470 quod
1543 422 1694 469 hepatis
1720 425 1798 458 lobi
1822 425 1941 459 multo

195 498 386 533 breviores
416 501 502 530 sunt
531 500 569 529 et
597 482 756 540 aequam
781 494 924 529 habent
951 492 1199 539 superficiem.
1255 490 1354 534 Quin
1381 490 1495 525 etiam
1518 488 1682 524 testiculi
1710 489 1759 524 ad
1778 491 1945 527 exterio-

195 575 276 599 rem
304 563 467 597 formam
500 561 631 597 ovaria
656 560 930 605 aliquantulum
959 565 1130 606 aequant.

359 629 390 677 ξ,
422 632 477 663 10.
511 627 686 662 Mirabile
722 626 824 661 dictu
855 628 997 675 Bopyri
1026 627 1155 662 onmia
1189 637 1283 673 quae
1315 625 1398 662 vidi
1442 625 1624 671 exempla
1645 622 1790 659 —vidi
1819 629 1944 659 autem

196 708 325 732 eorum
351 698 480 743 plures
509 693 1015 731 centurias-solununodo
1043 695 1083 728 in
1100 693 1392 729 Palaemonibus
1417 692 1572 727 feminis
1599 702 1830 737 repereram,
1857 691 1947 726 licet

194 764 233 798 in
262 775 396 798 manus
424 775 528 798 meas
556 774 632 798 non
660 761 858 807 pauciores
885 760 1017 794 horum
1047 761 1267 795 animalium
1295 771 1431 802 mares,
1459 769 1569 806 quam
1598 757 1765 792 feminae
1792 756 1948 792 incidis-

196 836 290 865 sent.
344 830 458 865 Haud
487 829 611 864 minus
639 832 852 861 memoratu
885 827 1036 872 dignum
1069 827 1139 862 hoc
1168 827 1261 862 mihi
1286 826 1461 868 videtur,
1496 825 1595 871 quod
1631 836 1753 871 neque
1783 836 1828 858 eo
1857 823 1949 858 anni

196 903 381 943 tempore,
411 908 483 944 quo
512 893 752 930 Palaemonis
779 904 853 928 ova
882 904 949 927 sua
976 895 1060 939 (sub
1090 894 1223 939 cauda)
1251 894 1395 937 fovent,
1422 903 1544 938 neque
1572 891 1648 926 ullo
1676 890 1750 926 alio
1775 895 1948 936 tempore

193 963 295 997 inter
323 975 368 998 ea
396 963 527 998 horum
558 960 780 995 animalium
810 962 1004 1007 exempla,
1035 973 1130 1008 quae
1158 960 1352 1007 Bopyrum
1381 963 1635 1005 exceperant,
1662 958 1780 992 ullum
1807 955 1952 997 inveni,

196 1030 298 1064 cuius
328 1041 401 1066 ova
428 1030 482 1063 ita
512 1029 665 1062 exculta
693 1027 866 1068 fuissent,
895 1032 935 1060 ut
963 1034 1073 1073 partu
1103 1027 1164 1061 edi
1199 1027 1425 1073 potuissent.
1478 1024 1578 1060 Hinc
1615 1029 1742 1058 autem
1781 1019 1954 1058 concludi

194 1101 341 1140 potest,
368 1096 561 1139 Bopyrum
585 1093 640 1124 ita
668 1103 778 1135 quem
808 1092 951 1124 insedit
978 1093 1248 1123 Palaemonem
1272 1102 1439 1131 vexare,
1469 1091 1624 1135 eiusque
1653 1090 1866 1122 functiones
1899 1087 1955 1119 ita

197 1160 432 1205 perturbare,
460 1162 501 1190 ut
529 1156 608 1188 cius
635 1167 720 1195 ova,
751 1155 929 1199 quamdiu
957 1155 1192 1199 perniciosus
1219 1153 1285 1187 ille
1313 1152 1451 1198 hospes
1480 1151 1600 1194 adsit,
1636 1154 1775 1186 iustam
1810 1150 1954 1196 magni-

196 1224 367 1260 tudinem
406 1220 555 1267 assequi
590 1227 790 1265 nequeant.
855 1219 1081 1266 Plerumque
1118 1220 1198 1255 bini
1231 1219 1373 1265 Bopyri
1404 1218 1444 1252 in
1480 1218 1634 1263 singulis
1661 1217 1953 1252 Palaemonibus

197 1290 453 1337 reperiuntur:
492 1298 578 1321 raro
623 1284 724 1319 enim
768 1284 993 1319 adultiorem
1029 1286 1222 1333 Bopyrum
1264 1284 1447 1320 seminam
1478 1285 1682 1330 conspexi,
1720 1295 1815 1329 quae
1852 1283 1954 1318 socio

198 1354 407 1391 masculino
434 1353 635 1393 caruisset,
663 1361 852 1396 nunquam
884 1356 1010 1385 autem
1042 1364 1187 1386 marem
1216 1352 1335 1386 ullum
1363 1350 1637 1392 animadverti,
1666 1350 1728 1395 qui
1756 1351 1857 1384 solus
1884 1349 1955 1384 Pa-

199 1421 416 1455 laemonem
457 1418 672 1455 insedisset.
733 1416 865 1463 Neque
907 1418 1025 1453 ullum
1067 1418 1150 1455 vidi
1181 1418 1476 1459 Palaemonem,
1521 1417 1584 1463 qui
1624 1415 1769 1451 (luobus
1808 1416 1954 1461 generis

199 1486 375 1522 seminini
397 1484 558 1530 Bepyris
583 1483 790 1531 hospitium
817 1485 1069 1529 praebuisset.

366 1549 397 1597 ξ.
426 1554 482 1584 11.
510 1550 683 1596 Bopyrus
721 1549 792 1582 sibi
829 1550 971 1583 nullam
1012 1550 1125 1583 aliam
1153 1550 1396 1585 Palaemonis
1431 1555 1581 1595 partem
1609 1548 1802 1584 domicilio
1830 1550 1956 1595 elegit,

203 1628 313 1663 quam
342 1616 564 1650 alterutrum
594 1613 674 1647 eius
707 1602 913 1647 cavitatem
948 1613 1215 1649 branchialem.
1268 1614 1432 1649 Femina
1464 1616 1534 1649 hoc
1568 1617 1650 1650 loco
1685 1617 1740 1650 ita
1768 1626 1808 1650 se
1842 1616 1955 1658 sistit,

204 1688 245 1716 ut
272 1682 352 1716 cius
377 1685 489 1726 caput
513 1678 562 1714 ad
587 1678 820 1724 posteriores
846 1678 1088 1714 Palaemonis
1119 1685 1248 1725 partes
1276 1686 1434 1726 spectet,
1462 1680 1615 1715 dorsum
1643 1681 1751 1716 huius
1779 1681 1955 1716 animalis

209 1747 409 1782 branchias
443 1750 592 1792 tangat,
625 1749 762 1780 venter
798 1750 924 1780 autem
968 1745 1138 1780 eiusdem
1181 1747 1358 1793 operculo
1398 1746 1606 1782 branchiali
1645 1749 1857 1794 applicatus
1897 1747 1957 1781 sit.

209 1811 331 1855 Quum
368 1819 503 1859 postea
537 1811 656 1856 magis
688 1811 884 1857 magisque
919 1811 1153 1858 grandescit,
1188 1812 1356 1848 mediam
1391 1814 1558 1861 operculi
1592 1813 1692 1848 illius
1728 1818 1875 1859 partem
1902 1812 1958 1847 ita

209 1878 389 1915 extendit
416 1884 454 1915 et
479 1877 694 1924 amplificat,
723 1882 764 1912 ut
795 1878 921 1923 magni
949 1878 1125 1913 umbonis
1151 1879 1271 1914 instar
1288 1880 1514 1926 promineat.
1538 1879 1803 1915 Membranam
1820 1885 1958 1923 autem,

210 1955 304 1990 quae
328 1944 548 1979 interiorem
577 1944 742 1990 operculi
771 1943 906 1978 faciem
933 1945 1071 1987 vestit,
1101 1944 1261 1992 hospitis
1287 1947 1458 1983 invocati
1490 1947 1736 1982 incitamento
1767 1946 1958 1980 maximo-

209 2019 301 2057 pere
328 2011 586 2053 incrassatam,
613 2021 804 2057 nunquam
832 2022 923 2045 vero
959 2009 1227 2056 degeneratam
1254 2012 1397 2048 inveni.

376 2076 549 2122 Bopyrus
576 2087 657 2110 mas
683 2076 783 2112 inter
810 2076 976 2112 feminae
1005 2087 1095 2113 suae
1131 2077 1327 2114 branchias
1360 2079 1540 2123 considit,
1576 2079 1822 2117 intervallum
1858 2078 1959 2126 quod

212 2141 312 2177 inter
337 2141 467 2177 ambas
493 2141 625 2177 horum
653 2154 876 2189 organorum
900 2144 1017 2179 series
1045 2143 1284 2188 observatur,
1313 2148 1468 2182 omnino
1500 2147 1652 2193 explet,
1685 2153 1798 2194 atque
1832 2145 1879 2180 ab
1913 2145 1960 2179 iis

213 2208 268 2242 ita
294 2209 455 2249 celatur,
484 2214 525 2243 ut
551 2209 614 2244 vel
644 2210 724 2245 eius
750 2216 895 2256 tergum
923 2209 995 2244 vix
1024 2212 1190 2258 conspici
1214 2213 1346 2259 possit.
1409 2213 1629 2248 Ventralem
1665 2214 1802 2249 faciem
1833 2211 1959 2246 eidem

214 2272 379 2309 feminae
408 2273 519 2310 faciei
546 2274 722 2312 advertit.
774 2275 893 2310 Labio
921 2275 1088 2311 feminae
1122 2288 1234 2313 anum
1264 2278 1345 2314 sive
1373 2285 1544 2325 septum,
1578 2279 1677 2325 quod
1710 2279 1811 2314 inter
1845 2289 1958 2314 anum
1987 2297 1991 2300 ·

217 2344 255 2374 et
278 2339 495 2385 genitalium
525 2341 706 2378 orificium
737 2343 954 2385 intercedit,
978 2342 1119 2378 caudae
1146 2350 1255 2391 parte
1283 2350 1459 2380 extrema
1495 2351 1624 2382 autem
1661 2344 1823 2380 eandem
1850 2345 1961 2380 femi-

215 2413 287 2440 nae
314 2410 461 2451 partem
496 2407 656 2453 attingit.
706 2408 846 2445 Locum
878 2410 1005 2454 illum,
1041 2421 1151 2456 quem
1183 2412 1284 2446 inter
1312 2411 1478 2447 feminae
1514 2412 1712 2448 branchias
1750 2411 1959 2459 occupavit,

216 2480 405 2517 nunquam
434 2478 569 2529 sponte
595 2479 735 2518 mutat,
759 2475 827 2512 sed
850 2478 1023 2513 maxima
1063 2477 1220 2525 segnitie
1249 2488 1400 2526 semper
1427 2488 1512 2513 eum
1540 2478 1685 2524 fervat,
1722 2479 1812 2528 quin
1843 2478 1958 2514 etiam
