2150 2904
1059 256 1103 288 51

201 365 283 399 eius
309 367 418 409 parte
447 361 570 396 omnis
595 361 746 407 sanguis
775 365 987 397 evanescat.
1015 360 1053 406 3)
1084 359 1206 403 Quum
1234 360 1359 407 aliqua
1383 360 1486 396 vasis
1515 358 1674 395 dorsalis
1698 369 1787 406 pars
1813 372 1949 411 sponte

200 433 420 471 coarctatur,
444 428 483 463 in
509 439 647 473 genere
675 427 850 462 lateralia
878 437 923 461 ea
950 433 990 462 et
1016 439 1099 462 cum
1125 427 1313 462 branchiis
1341 426 1585 462 cohaerentia
1609 435 1719 469 vasa,
1744 437 1839 474 quae
1869 443 1951 469 cum

197 501 306 542 parte
334 495 401 530 illa
429 486 693 529 commercium
719 493 873 536 liabent,
900 493 1025 541 primo
1052 494 1237 541 temporis
1264 500 1459 529 momento
1487 493 1669 540 sanguine
1685 494 1885 531 -saltem
1912 499 1952 534 in

196 560 300 596 vasis
329 559 486 596 dorsalis
514 560 800 596 vicinia—aut
825 560 980 596 omnino
1008 567 1073 596 aut
1098 571 1272 606 magnam
1291 566 1441 607 partem
1458 566 1612 604 vacant3
1635 560 1801 596 secundo
1822 569 1951 600 autem

193 627 285 662 inde
312 638 335 661 a
360 627 517 662 ramulis
543 627 619 661 suis
646 628 826 673 sanguine
849 627 968 674 magis
998 628 1190 675 magisque
1218 628 1424 675 replentur,
1454 639 1525 674 quo
1553 628 1653 662 facto
1681 629 1830 673 sanguis
1863 642 1951 667 con-

191 693 319 729 festim
346 694 387 729 111
413 705 481 730 vas
505 693 653 729 dorsale
680 693 955 740 transgreditur
979 694 1093 742 idque
1122 695 1297 742 complet.
1324 694 1363 739 4)
1390 694 1523 728 Rarius
1552 693 1710 738 accidit,
1738 700 1781 728 ut
1801 699 1951 743 sanguis

193 772 215 795 e
240 771 332 796 vase
363 760 504 794 dorsali
529 759 590 794 hic
616 761 681 797 vel
707 761 786 796 illic
812 760 854 795 in
879 771 973 797 vasa
997 762 1174 797 lateralia
1198 761 1342 796 refluat.
1377 760 1415 807 5)
1444 760 1486 795 Si
1520 760 1663 797 vermis
1689 759 1730 795 in
1763 760 1858 797 duas
1885 770 1950 799 aut

190 826 320 875 plures
346 832 473 873 partes
500 826 583 863 sive
612 827 774 862 secando
802 828 884 864 sive
912 829 1114 864 lacerando
1146 828 1290 864 divisus
1315 831 1391 870 est,
1425 827 1576 873 sanguis
1599 832 1679 860 tam
1705 824 1770 861 diu
1803 828 1844 863 in
1870 829 1947 864 sin-

190 893 286 939 gulis
308 893 384 928 illis
411 893 583 939 partibus
612 900 676 929 aut
701 900 839 938 restat,
867 901 932 930 aut
954 907 1067 943 parce
1097 901 1245 931 tantum
1271 905 1323 929 ex
1349 894 1396 929 iis
1419 894 1583 941 profluit,
1611 903 1723 939 quam
1754 891 1821 927 diu
1855 893 1945 929 illae

192 959 367 994 alacriter
393 971 433 994 se
462 967 643 1005 movent,
682 972 794 1008 quam
827 961 894 997 diu
925 962 1038 1008 igitur
1074 973 1204 997 earum
1230 962 1334 997 vires
1360 960 1499 996 vitales
1526 959 1696 995 nondum
1720 957 1835 994 valde
1859 965 1946 995 sunt

190 1024 415 1061 debilitatae
451 1033 515 1062 aut
549 1029 664 1074 plane
700 1027 924 1063 exhaustae.
958 1027 996 1074 6)
1025 1026 1131 1071 Quae
1166 1027 1234 1063 sub
1264 1033 1424 1074 quatuor
1456 1027 1589 1073 primis
1616 1025 1674 1060 his
1701 1025 1868 1061 numeris
1895 1026 1944 1061 de

187 1089 365 1127 Nereidis
394 1094 584 1139 exemplis
611 1094 763 1126 intactis
789 1094 944 1138 protuli,
984 1095 1100 1127 etiam
1135 1094 1182 1127 de
1209 1093 1386 1128 Nereidis
1421 1093 1569 1127 divisae
1593 1091 1726 1126 valent
1760 1092 1942 1135 partibus,

189 1167 349 1201 quariun
381 1160 482 1194 vires
516 1159 653 1194 vitales
683 1157 854 1192 nondum
887 1158 1001 1193 nimis
1029 1165 1118 1194 sunt
1143 1158 1295 1194 fractae.
1330 1154 1368 1202 7)
1395 1155 1440 1190 In
1465 1167 1557 1193 vase
1592 1154 1758 1192 ventrali
1792 1157 1941 1201 sanguis

171 1217 408 1269 ¹plerumque
439 1223 592 1270 quidem
617 1235 639 1258 a
667 1224 792 1270 capite
826 1223 1078 1269 posteriorem
1108 1223 1276 1271 corporis
1304 1222 1591 1257 extremitatem
1620 1231 1754 1257 versus
1788 1232 1940 1267 promo-

184 1294 306 1329 vetur,
334 1288 435 1324 haud
461 1301 546 1325 raro
573 1296 702 1325 tamen
726 1290 873 1332 accidit,
898 1296 940 1324 ut
965 1291 1007 1324 in
1034 1301 1080 1324 eo
1109 1300 1256 1336 quoque
1289 1289 1400 1323 latex
1431 1288 1497 1322 ille
1531 1286 1748 1321 alternatim
1777 1293 1866 1321 ante
1901 1294 1941 1323 et

184 1360 285 1388 retro
314 1355 413 1390 fluat.
442 1358 479 1401 8)
509 1355 706 1400 Quomodo
734 1356 926 1401 sanguinis
952 1356 1078 1390 fluxus
1105 1356 1146 1390 in
1172 1355 1392 1388 lateralibus
1417 1353 1521 1389 vasis
1541 1352 1725 1387 ventralis
1756 1353 1875 1387 ramis
1897 1364 1938 1389 se

183 1418 336 1463 habeat,
366 1428 525 1468 propter
550 1423 711 1468 parietis
737 1422 923 1458 ventralis
951 1419 1244 1456 crassitudinem
1270 1430 1463 1466 nunquam
1491 1418 1590 1454 clare
1629 1417 1937 1454 animadvertere

182 1487 302 1532 potui.
354 1487 488 1523 Procul
517 1487 632 1522 dubio
661 1495 788 1523 autem
817 1487 967 1533 sanguis
997 1499 1017 1522 e
1044 1499 1137 1524 vase
1164 1488 1331 1524 ventrali
1357 1494 1438 1522 tum
1466 1485 1516 1520 ad
1541 1483 1752 1525 branchias,
1778 1489 1859 1518 tum
1887 1483 1936 1519 ad

185 1556 347 1587 tractum
375 1555 643 1590 intestinorum
678 1553 923 1590 convertitur.

264 1657 507 1689 Annotatio.
530 1659 744 1699 Posteaquam
765 1656 850 1689 hanc
872 1659 1172 1691 commentationem
1194 1659 1257 1690 iam
1278 1669 1509 1695 exaraveram,
1531 1658 1564 1687 111
1587 1656 1625 1689 (11,
1649 1655 1735 1686 Run.
1766 1655 1934 1689 Wicxffl

308 1714 391 1745 libro
416 1707 470 1745 'de
508 1716 664 1756 sanguine
703 1715 883 1756 conscripto
893 1716 925 1756 *)
961 1716 1204 1759 disquisitiones
1246 1715 1417 1746 nonnullas
1457 1715 1496 1746 de
1535 1719 1708 1755 systemate
1749 1715 1931 1755 sanguifero

304 1771 510 1803 Nereidis
550 1773 723 1803 nuntiae
753 1773 878 1810 inveni,
909 1773 1022 1816 quibus
1053 1785 1118 1805 non
1155 1773 1258 1805 solum
1291 1773 1472 1815 complura,
1498 1783 1579 1815 quae
1610 1781 1707 1813 supra
1740 1770 1782 1801 de
1817 1771 1930 1804 eodem

304 1830 481 1862 Nereidum
503 1836 673 1872 systemate
694 1830 757 1860 iam
775 1831 914 1872 protuli,
947 1831 1188 1871 confirmantur,
1217 1843 1329 1864 verum
1361 1833 1457 1864 etiam
1493 1832 1601 1874 opinio
1639 1840 1736 1872 supra
1764 1832 1930 1871 proposita

306 1888 475 1929 probatur,
505 1889 536 1919 in
566 1888 755 1920 animalibus
785 1888 850 1920 illis
881 1891 1048 1931 sanguinis
1076 1892 1198 1923 fluxum
1222 1902 1239 1922 e
1261 1902 1338 1923 vase
1365 1890 1503 1922 ventrali
1530 1890 1572 1922 ad
1593 1888 1763 1921 branchias
1785 1888 1928 1920 tendere.

311 1945 454 1978 Exstant
473 1947 557 1978 enim
581 1948 614 1977 in
636 1946 719 1978 libro
740 1947 798 1980 illo
821 1947 900 1980 haec
921 1948 1037 1980 verba:
1066 1949 1173 1988 „Selzr
1195 1950 1295 1983 lee‘clct
1313 1949 1552 1982 unterecloeidet
1569 1958 1642 1979 mem
1663 1949 1744 1977 :wei
1760 1946 1928 1987 Lc‘ingsge-

296 2005 405 2044 fiiSse‚
425 2016 534 2036 wovon
556 2008 623 2036 eius
643 2006 710 2045 auf
722 2007 788 2037 clem
812 2007 960 2046 Είὶεἰᾱειι,
983 2007 1133 2039 oberlmlb
1157 2009 1212 2039 des
1234 2008 1373 2040 Dar-mes
1394 2011 1428 2039 in
1451 2008 1510 2038 der
1530 2005 1721 2037 Macellinie
1737 2003 1836 2044 lc'egt‚
1868 2003 1928 2034 das

303 2067 415 2094 zwec'le
443 2068 537 2094 waler
562 2063 631 2095 (lem
662 2064 867 2097 Darmkcmal
894 2066 961 2105 aas
983 2066 1042 2096 der
1066 2066 1272 2107 Bancksetce,
1302 2065 1423 2107 jedock
1452 2065 1531 2096 ‘iiber
1559 2064 1628 2095 dem
1650 2062 1926 2102 Nervenstrtmge.

306 2120 379 2152 Das
399 2127 482 2153 erste
503 2127 544 2154 ixl
566 2122 706 2153 deullc'clc
728 2124 860 2156 Arterc'e
879 2125 972 2164 (oder
992 2124 1229 2167 gefiissartcges
1252 2125 1356 2166 Hert)
1368 2137 1377 2161 ;
1412 2125 1495 2156 deme
1523 2132 1597 2153 man
1618 2121 1702 2152 sz'eltc
1720 2119 1773 2151 die
1799 2121 1926 2150 starken

305 2179 372 2210 und
400 2183 647 2223 regelmiissegen
674 2181 939 2223 contractionem,
961 2182 1078 2215 welche
1101 2186 1210 2214 immor
1231 2194 1291 2215 von
1314 2185 1423 2216 hinton
1444 2181 1526 2214 uach
1549 2190 1647 2211 corne
1669 2178 1782 2220 gehen·
1825 2177 1926 2209 Dc'ese

306 2238 554 2270 Contmctconen
576 2240 650 2270 sind
668 2243 810 2271 ausser-et
826 2241 950 2280 kriifctrr
996 2242 1063 2272 und
1091 2252 1164 2272 man
1184 2242 1277 2281 scelat,
1301 2243 1416 2274 sohald
1435 2245 1505 2273 etue
1524 2238 1693 2270 Blucwelle
1716 2236 1799 2268 nacla
1827 2246 1925 2267 vor-ne

927 2266 945 2283 0
959 2265 969 2281 2

302 2297 469 2337 gelrc'eben
491 2300 550 2336 ist,
579 2301 639 2329 wie
666 2298 734 2330 siclt
759 2299 818 2329 clus
843 2298 960 2338 Gestis-s·
978 2300 1127 2331 daltc'nler
1147 2305 1279 2341 verengc
1297 2301 1363 2332 und
1383 2301 1451 2332 [θεν
1469 2303 1526 2337 ist,
1548 2297 1594 2329 bis
1616 2295 1683 2328 sicle
1714 2295 1801 2326 illese
1821 2293 1924 2325 Sle‘lle

266 2474 293 2508 ¹)
319 2469 385 2502 Zur
408 2474 676 2516 verglez‘clzenden
700 2476 901 2518 Physiologz‘e
921 2476 976 2510 des
1001 2476 1120 2509 Blules.
1143 2477 1282 2520 Leipzig
1305 2477 1396 2511 1833.
