2150 2904
1007 259 1052 292 35

155 364 365 412 pharyngis
404 364 564 400 dimidia
606 371 713 412 parte
756 364 1061 411 proficiscuntur,
1103 366 1188 412 ipsa
1229 363 1409 411 pharynx
1446 363 1502 397 ita
1544 363 1740 398 anteriora
1782 375 1913 402 versus

157 431 322 473 moveri,
352 432 494 467 inverti
522 438 561 465 et
586 433 672 478 plus
699 433 874 467 minusve
904 433 1032 466 exseri
1059 437 1200 478 potest,
1226 436 1268 464 nt
1289 429 1470 475 longioris
1503 436 1568 464 aut
1605 430 1794 465 brevioris
1827 442 1913 478 pro-

155 496 320 537 boscidis
348 509 441 544 prae
471 509 510 533 se
537 499 638 533 ferat
665 499 843 545 speciem.
871 498 979 544 (Tab.
1007 498 1051 532 ΙΙ.
1079 497 1160 543 Fig.
1188 497 1248 541 3.).
1275 495 1357 539 Quo
1385 496 1484 531 facto
1513 508 1582 531 eae
1609 497 1726 531 fibrae
1753 498 1913 543 longitu-

155 562 319 608 dinales‚
349 576 443 611 quae
472 566 573 600 illius
600 566 702 612 parti
731 566 910 600 anteriori
937 572 1022 600 sunt
1050 565 1240 612 propriae,
1268 565 1321 598 ita
1345 570 1431 598 sunt
1458 563 1565 605 sitae,
1593 568 1634 597 ut
1662 575 1708 598 ea
1736 563 1912 598 fibrarum

155 630 308 666 illarum
336 631 575 673 extremitas,
603 642 698 678 quae
721 631 824 678 prius
846 634 1058 678 posteriora
1086 642 1218 668 versus
1245 630 1452 676 spectabat,
1473 629 1551 662 iam
1576 630 1768 664 anteriora
1784 641 1913 666 versus

155 703 314 743 spectet.
370 696 473 740 Quae
511 709 622 744 quum
657 698 712 732 ita
738 699 831 742 sint,
868 699 941 735 vix
977 699 1143 733 dubitari
1179 703 1326 743 potest,
1367 695 1603 742 pharyngem
1637 696 1765 743 aliqua
1806 706 1913 744 parte

153 761 293 798 iisdem
321 765 436 807 fibris,
465 776 621 811 quarum
649 765 766 799 modo
794 766 1031 800 mentionem
1058 765 1143 807 feci,
1171 763 1314 797 retrahi
1337 773 1459 808 posse.
1513 762 1686 797 Maxime
1712 775 1804 799 vero
1833 765 1912 801 eius

156 830 334 864 retractio
368 832 432 867 vel
458 832 627 867 reversio
663 832 710 867 ab
745 832 839 867 alius
882 833 1012 878 organi
1051 831 1389 878 longitudinalibus
1420 829 1523 865 fibris
1562 829 1773 875 perficitur,
1815 832 1915 878 quod

150 895 228 930 iam
255 897 296 930 in
322 898 565 943 sequentibus
593 904 754 934 tractare
784 899 877 933 mihi
904 900 1051 934 animus
1080 905 1146 934 est.

315 963 557 1012 Pharyngem
584 966 661 1000 albi
690 967 826 1001 coloris
855 967 1023 1013 sequitur
1048 968 1180 1009 tubus,
1217 966 1279 1013 qui
1315 964 1484 999 eiusdem
1512 963 1591 998 fere
1624 963 1727 998 cuius
1753 963 1818 999 ille
1857 971 1914 1001 est

154 1027 416 1074 longitudinis,
445 1032 697 1078 amplitudine
725 1040 854 1068 autem
877 1034 925 1068 ab
952 1034 1018 1067 illo
1047 1033 1254 1067 admodum
1283 1037 1493 1078 superatur.
1545 1030 1759 1065 Posteriora
1780 1043 1911 1068 versus

154 1096 295 1130 sensim
334 1097 586 1139 deminuitur,
621 1099 670 1132 ad
705 1101 820 1131 finem
847 1111 939 1132 vero
974 1111 1102 1132 rursus
1129 1101 1324 1139 tumescit,
1358 1100 1413 1130 ita
1444 1104 1486 1130 ut
1519 1109 1539 1129 e
1568 1097 1712 1130 duabus
1739 1100 1912 1143 partibus

155 1167 328 1197 constare
358 1161 547 1203 videatur,
578 1164 699 1196 altera
725 1164 907 1206 longiore,
936 1163 1044 1207 (Tab.
1071 1163 1116 1197 II.
1144 1163 1224 1207 Fig.
1249 1167 1282 1204 7,
1310 1163 1344 1198 h.
1369 1163 1448 1207 Fig.
1473 1158 1568 1206 8‚b.)
1597 1162 1718 1195 altera
1735 1162 1910 1198 breviore

154 1231 193 1260 et
217 1227 320 1260 malo
351 1227 466 1260 eitreo
497 1225 546 1260 ad
571 1227 732 1261 formam
761 1226 862 1260 haud
890 1226 1076 1261 dissimili.
1130 1227 1372 1262 Consti-uetus
1402 1232 1458 1261 est
1486 1238 1505 1260 e
1534 1225 1662 1260 tunica
1695 1229 1910 1272 musculari,

154 1303 177 1327 e
203 1293 331 1327 tunica
359 1293 549 1334 cellulosa‚
579 1299 689 1339 atque
718 1305 738 1327 e
766 1293 893 1327 tunica
920 1305 1083 1328 mucosa.
1114 1293 1278 1335 Quarum
1309 1294 1434 1340 prima
1458 1294 1497 1327 in
1524 1292 1748 1339 posteriore,
1776 1295 1910 1330 ultima

151 1369 264 1401 vero,
307 1371 400 1405 quae
447 1360 547 1394 mole
589 1359 744 1404 reliquis
786 1360 1001 1403 antecellit,
1037 1361 1174 1406 ubique
1218 1360 1388 1393 eiusdem
1423 1359 1504 1393 fere
1548 1364 1605 1392 est
1640 1358 1908 1396 crassitudinis.

152 1423 333 1460 Anterior
361 1426 511 1460 tunicae
540 1426 759 1459 muscularis
786 1436 873 1471 pars
901 1425 1073 1458 maxime
1103 1437 1122 1459 e
1141 1426 1243 1459 fibris
1261 1425 1597 1470 longitudinalibus
1617 1430 1675 1458 est
1690 1427 1907 1470 constituta,

151 1491 193 1526 in
229 1492 440 1538 posteriore
483 1475 609 1526 autem
645 1498 754 1537 parte
796 1492 913 1524 fibrae
958 1491 1157 1524 circulares
1191 1492 1416 1536 praevalent
1457 1497 1568 1536 atque
1602 1490 1907 1538 longstudinales,

155 1569 246 1604 quas
272 1559 562 1603 amplectuntur,
591 1558 745 1591 omnino
782 1557 917 1591 celant.
970 1555 1130 1590 Interior
1167 1567 1342 1590 mncosae
1371 1557 1519 1590 tunicae
1555 1555 1672 1589 facies
1708 1556 1815 1601 (Tab.
1842 1559 1906 1594 ΠΙ,

154 1622 236 1669 Fig.
267 1627 324 1666 11,
353 1623 403 1667 α.)
432 1625 642 1669 complures
671 1622 842 1656 duriores
871 1627 909 1655 et
935 1621 1064 1657 variae
1100 1627 1177 1655 tum
1207 1621 1351 1655 formae
1382 1628 1461 1656 tum
1493 1620 1763 1665 magnitudinis
1798 1625 1907 1660 offert

156 1690 394 1732 eminentias,
420 1701 576 1735 quarum
605 1698 685 1730 eae,
715 1699 810 1734 quae
839 1689 878 1723 in
905 1688 985 1723 tubi
1010 1693 1120 1733 parte
1147 1688 1358 1734 posteriore
1389 1687 1648 1728 observantur,
1673 1685 1906 1735 hexagonaS‚

155 1755 346 1790 confertas
375 1762 413 1790 et
442 1756 496 1788 ita
524 1753 727 1799 dispositas
761 1754 934 1789 referunt
961 1754 1127 1796 tabulas,
1162 1761 1203 1789 ut
1235 1760 1318 1789 octo
1351 1753 1644 1799 longitudinales
1678 1755 1907 1792 constituant

154 1822 283 1856 series.
336 1821 519 1866 Reliquae
547 1831 639 1854 vero
668 1820 731 1855 vel
759 1831 838 1863 eae,
868 1831 962 1866 quac
991 1821 1032 1854 in
1058 1821 1138 1855 tubi
1166 1827 1275 1867 parte
1302 1821 1491 1855 anteriore
1510 1821 1801 1866 conspiciuntur,
1829 1834 1906 1859 non

154 1888 221 1935 ita,
248 1894 290 1922 ut
316 1888 419 1928 illae,
446 1885 652 1927 secundum
680 1892 821 1921 certam
849 1886 1057 1933 dispositae
1091 1894 1177 1922 sunt
1200 1888 1389 1934 regulam,
1416 1887 1456 1921 in
1483 1899 1620 1932 genere
1647 1889 1766 1933 magis
1794 1899 1903 1935 quam

154 1953 243 1989 illae
271 1953 500 1998 prominent,
527 1953 654 1988 varias
681 1953 823 1987 habent
848 1953 1002 1996 formas,
1038 1960 1076 1988 et
1106 1955 1330 2001 plerumque
1368 1954 1641 2000 aliquantulum
1674 1954 1903 1999 posteriores

155 2024 284 2065 partes
319 2029 450 2054 versus
486 2018 651 2053 directae
686 2024 781 2053 sunt.
836 2020 997 2055 Omnem
1033 2027 1160 2056 autem
1193 2021 1276 2055 tubi
1318 2031 1510 2055 mucosam
1553 2021 1718 2055 tunicam
1760 2021 1902 2066 pariter

158 2090 269 2129 atque
303 2085 465 2119 eandem
500 2085 704 2132 pharyngis
738 2091 887 2133 partem
923 2088 1083 2122 cuticula
1115 2088 1231 2123 vestit
1263 2087 1562 2134 pellucidissima
1601 2092 1639 2121 et
1669 2086 1901 2129 tenuissima,

158 2158 252 2195 qnae
291 2150 470 2196 epithelio
504 2152 544 2186 in
576 2152 734 2186 aliorum
771 2153 994 2188 animalium
1029 2159 1152 2189 tractu
1184 2155 1393 2189 intestinali
1430 2154 1633 2187 observato
1668 2151 1901 2198 respondere

159 2215 311 2263 quidem
334 2216 498 2261 videtur,
524 2219 589 2253 illo
618 2223 745 2252 tamen
770 2219 889 2253 multo
919 2220 1074 2265 rigidior
1103 2227 1141 2255 et
1167 2222 1336 2267 tenacior
1364 2225 1432 2261 est,
1461 2229 1543 2252 earn
1564 2229 1654 2254 vero
1674 2218 1721 2253 ob
1737 2229 1900 2262 causam,

159 2284 382 2328 praesertim
411 2284 443 2317 si
470 2285 611 2319 vermis
641 2290 769 2319 noster
797 2284 949 2331 aliquod
975 2297 1045 2332 per
1071 2294 1221 2333 tempus
1249 2286 1289 2320 in
1315 2285 1451 2332 spiritu
1472 2284 1555 2319 vini
1589 2289 1803 2320 asservatus
1832 2292 1899 2329 est,

158 2347 261 2383 facili
282 2350 434 2394 negotio
462 2361 485 2385 a
509 2349 636 2384 tunica
662 2361 816 2385 mucosa
842 2351 987 2397 seiungi
1015 2359 1152 2398 potest.

328 2413 449 2456 Quem
476 2415 589 2451 modo
619 2415 800 2463 descripsi
827 2417 996 2461 tubulus,
1026 2426 1068 2454 ut
1096 2430 1184 2455 mea
1218 2419 1293 2454 fert
1318 2418 1508 2454 sententia
1531 2428 1609 2453 non
1634 2418 1794 2454 aliorum
1822 2418 1902 2453 ani-

163 2480 318 2516 malium
354 2483 628 2530 aesophagum‚
658 2482 726 2518 sed
757 2485 884 2530 potius
919 2485 1170 2522 ventriculum
1202 2486 1394 2531 significat.
1452 2485 1606 2520 Etenim
1640 2485 1792 2520 interna
1824 2484 1902 2518 eius

1657 2551 1703 2586 5¹}
