2150 2904
1125 275 1146 307 8

265 380 439 417 bricatim
467 383 593 424 tegere
620 376 729 418 solet,
756 374 892 411 ambae
919 386 1013 412 vero
1042 377 1273 423 singulorum
1309 377 1550 412 articulorum
1577 375 1779 412 branchiae
1815 371 1917 409 haud
1950 382 2018 419 pa-

265 459 349 484 rum
378 447 541 482 invicem
579 443 733 485 distant,
760 443 815 477 ita
841 448 883 477 ut
917 444 1017 478 inter
1049 444 1180 479 ambas
1213 444 1478 480 branchiarum
1512 443 1630 478 series
1663 443 1775 477 latius
1809 441 2022 489 reperiatur

264 513 507 549 intervallum
545 510 640 556 (Fig.
669 508 717 555 7.)

431 576 626 620 Laminae,
655 587 752 622 quae
781 576 865 613 cavi
899 577 1021 620 illius,
1057 577 1157 624 quod
1184 578 1232 613 ad
1261 588 1335 615 ova
1361 577 1530 614 fovenda
1557 582 1614 612 est
1641 576 1891 617 destinatum,
1924 574 2022 609 infe-

266 648 407 682 riorem
430 643 618 690 parietem
647 645 890 687 constituunt,
919 645 959 678 in
986 656 1122 690 genere
1147 645 1341 691 nigerrimi
1369 650 1456 679 sunt
1482 644 1628 680 eoloris,
1681 642 1865 677 Eiusdem
1885 640 2021 676 coloris

264 714 305 747 in
331 710 523 746 nonnullis
549 711 741 756 exemplis
769 711 941 757 superior
969 723 1117 759 quoque
1146 718 1203 746 est
1228 712 1362 758 capitis
1392 711 1528 754 facies,
1557 713 1598 746 in
1625 711 1710 746 aliis
1742 720 1836 746 vero
1869 713 1933 742 aut
1964 707 2022 742 ni-

264 777 470 824 grescentis
496 781 561 809 aut
588 776 867 813 cinerascentis.
921 778 1103 826 Reliquae
1129 785 1313 813 externae
1342 785 1471 825 partes
1501 784 1629 813 autem
1653 777 1694 812 in
1726 787 1863 822 genere
1893 774 2021 809 album

264 849 331 879 aut
357 841 598 877 subalbidum
624 842 766 879 habent
791 845 975 889 colorem3
1002 857 1088 880 raro
1113 848 1214 881 enim
1241 846 1424 892 exempla
1453 851 1660 887 occurrunt,
1689 854 1848 891 quorum
1875 848 2021 887 tergum

264 911 371 947 vittis
398 910 591 945 nonnullis
616 911 925 958 nigrescentibuS,
954 913 1119 960 angustis
1148 919 1187 949 et
1211 913 1252 948 in
1279 912 1446 960 corporis
1474 911 1577 946 linea
1603 911 1783 946 mediana
1798 906 2021 954 interruptis

267 982 442 1012 ornatum
471 981 539 1010 est.

431 1043 536 1087 Quae
564 1057 697 1093 corpus
725 1046 880 1083 obducit
907 1047 1112 1096 epidermis
1138 1050 1278 1097 ubique
1315 1049 1396 1084 fere
1433 1047 1614 1082 facillimo
1648 1044 1801 1091 negotio
1830 1055 1853 1079 a
1875 1042 2022 1090 reliqua

259 1113 355 1147 eutis
382 1117 491 1157 parte
527 1113 674 1157 seiungi
700 1120 845 1158 potest,
875 1126 947 1160 quo
974 1115 1073 1149 facto
1104 1118 1239 1150 coloris
1265 1121 1486 1158 expertem,
1519 1112 1772 1159 pellucidam,
1800 1117 1954 1145 tenuem
1983 1114 2022 1142 et

259 1175 492 1220 subrigidam
520 1175 639 1208 refert
663 1178 874 1212 cuticulam.
929 1176 1083 1212 Corium
1112 1184 1239 1212 autem
1264 1178 1331 1211 illa
1357 1178 1477 1211 multo
1497 1181 1554 1210 est
1577 1177 1750 1219 crassius,
1778 1181 1891 1231 atque
1920 1185 2022 1209 com-

262 1251 402 1288 pagem
429 1240 545 1274 habet
571 1232 726 1275 mollem
756 1247 794 1275 et
819 1242 1158 1288 semipellucidam.

431 1304 463 1352 ξ.
496 1309 531 1340 3.
583 1305 808 1342 Nutritionis
846 1319 1015 1354 organon
1050 1321 1070 1344 e
1108 1309 1253 1344 duabus
1289 1315 1437 1344 constat
1479 1307 1671 1356 partibus,
1703 1320 1860 1356 quarum
1901 1310 2022 1345 altera

261 1373 464 1410 ventriculi
499 1373 561 1408 vel
589 1373 790 1417 stomachi,
827 1375 949 1409 altera
975 1374 1152 1410 'intestini
1189 1376 1294 1411 vices
1329 1388 1458 1422 gerere
1500 1375 1663 1411 videtur.
1725 1376 1796 1410 Illa
1828 1377 1868 1410 in
1894 1377 2020 1422 primo

259 1441 428 1487 corporis
455 1444 671 1484 segmento,
698 1438 738 1473 id
768 1445 825 1474 est
850 1440 890 1475 in
918 1452 983 1483 e0‚
1012 1440 1113 1487 quod
1147 1429 1281 1488 capitis
1315 1442 1470 1476 nomine
1501 1446 1557 1476 est
1583 1441 1868 1488 appellandum,
1896 1442 2020 1477 locum

260 1507 388 1550 habet,
415 1512 527 1552 atque
555 1516 625 1551 per
651 1506 885 1550 superiorem
912 1506 1023 1540 huius
1050 1507 1237 1552 segmenti
1264 1508 1452 1553 parietem
1484 1507 1583 1541 clare
1611 1509 1827 1542 translucet.
1853 1508 2021 1544 Parvum

260 1572 426 1619 quidem,
446 1570 547 1605 hand
564 1576 717 1605 tenuem
737 1577 866 1606 tamen
883 1572 1001 1606 refert
1027 1574 1214 1608 sacculum
1239 1573 1347 1617 (Tab.
1367 1572 1393 1606 I.
1410 1571 1492 1617 Fig.
1522 1575 1556 1616 7,
1585 1586 1616 1616 c,
1647 1574 1727 1620 Fig.
1748 1578 1781 1617 8,
1799 1574 1829 1607 b.
1852 1572 1944 1609 Tab.
1957 1574 2021 1609 III.

259 1636 291 1671 F
296 1638 342 1681 ig.
370 1639 401 1669 1.
424 1635 482 1678 0.),
511 1635 574 1681 qui
601 1640 680 1668 tum
708 1646 884 1681 superne,
911 1642 991 1671 tum
1019 1637 1167 1672 inferne
1196 1639 1469 1685 aliquantulum
1489 1645 1546 1672 est
1570 1640 1843 1685 complanatus,
1874 1641 2015 1687 quique

259 1703 293 1737 si
321 1703 401 1736 eius
429 1700 665 1746 superiorem
692 1706 841 1746 partem
862 1701 1054 1748 inspicias,
1070 1702 1162 1738 disci
1179 1705 1346 1750 speciem
1374 1703 1585 1739 adumbrat.
1613 1702 1788 1739 Alterum
1809 1705 1888 1740 eius
1917 1707 2018 1741 latus

260 1768 361 1803 haud
388 1767 519 1814 procul
547 1767 594 1800 ab
624 1767 806 1801 anteriori
834 1768 967 1814 capitis
995 1770 1163 1815 margine
1190 1770 1397 1813 invenitur,
1427 1782 1480 1805 ex
1502 1782 1547 1806 eo
1565 1782 1671 1814 vero,
1699 1771 1800 1818 quod
1814 1771 1872 1806 illi
1899 1783 2018 1819 oppo-

261 1834 375 1869 situm
407 1838 474 1875 est,
503 1832 613 1866 tubus
639 1833 868 1869 intestinalis
898 1835 1081 1881 procedit.
1122 1825 1297 1870 'Interior
1328 1837 1531 1873 ventriculi
1557 1837 1673 1872 facies
1699 1839 1909 1884 complures
1938 1850 2020 1874 eos-

262 1911 333 1946 que
362 1899 551 1934 confertos
579 1899 689 1934 offert
710 1901 834 1944 villos,
865 1902 929 1948 qui
953 1901 1114 1936 totidem
1142 1902 1336 1947 flaccidos,
1365 1910 1511 1947 tenues,
1541 1911 1579 1939 et
1604 1905 1736 1940 variae
1772 1905 2020 1951 longitudinis

261 1966 449 2002 exhibent
476 1976 599 2000 conos.
653 1964 750 2001 Tum
786 1979 935 2011 eorum,
969 1974 1049 2003 tum
1075 1969 1244 2016 reliquae
1280 1971 1397 2017 partis
1432 1971 1637 2007 ventriculi
1671 1972 1883 2006 substantia
1917 1983 2017 2006 com-

262 2044 397 2080 pagem
430 2032 952 2069 celluloso-lnembranosam
997 2035 1137 2070 habere
1176 2036 1328 2083 quidem
1364 2037 1535 2080 videtur,
1569 2037 1671 2073 haud
1707 2036 1840 2072 dubito
1875 2043 2017 2081 tamen,

262 2098 351 2144 quin
378 2098 418 2132 in
445 2099 514 2133 hac
539 2105 651 2146 parte
679 2100 795 2135 fibrae
821 2103 1051 2137 musculares
1080 2113 1226 2149 quoque
1257 2109 1421 2139 exstent,
1486 2103 1665 2139 Musculis
1700 2103 1838 2138 talibus
1875 2109 2015 2146 autem,

261 2164 390 2210 quales
423 2165 582 2200 aliorum
617 2172 893 2202 erustaceorum
938 2169 1190 2205 ventriculum
1228 2181 1310 2204 cnm
1349 2171 1519 2217 partibus
1555 2170 1744 2217 proximis
1775 2168 2016 2214 coniungunt,

261 2230 364 2265 idem
391 2232 532 2278 Bopyri
560 2244 728 2278 organon
753 2246 831 2270 non
857 2236 1003 2278 minus,
1034 2247 1144 2281 quam
1173 2237 1324 2271 laminis
1352 2238 1489 2273 talibus
1518 2237 1653 2279 osseis,
1689 2237 1818 2283 quales
1844 2236 1885 2269 in
1913 2245 2013 2269 com-

261 2296 423 2341 plurium
453 2299 613 2334 aliorum
642 2307 920 2337 crustaceorum
948 2303 1159 2338 ventriculo
1188 2304 1454 2346 observantur,
1484 2304 1637 2338 omnino
1666 2308 1780 2339 caret.

427 2363 637 2401 Deficiente
664 2368 903 2414 vesophago‚
929 2370 1011 2414 ipse
1039 2370 1270 2405 ventriculus
1298 2381 1381 2404 cum
1410 2369 1590 2404 inferiore
1619 2370 1754 2416 capitis
1781 2368 1927 2415 pariete
1968 2378 2013 2401 eo

260 2428 355 2470 loco,
383 2428 447 2462 ubi
485 2441 525 2464 os
558 2432 770 2477 invenitur,
798 2435 956 2470 coalitus
980 2441 1052 2470 est:
1076 2435 1171 2470 hanc
1199 2438 1245 2473 ob
1272 2449 1352 2472 rem
1385 2449 1478 2472 vcro
1506 2436 1593 2479 ‘fieri
1628 2448 1705 2471 non
1740 2441 1886 2483 potest,
1924 2433 2014 2481 quin

259 2495 517 2541 nutrimenta,
549 2498 705 2533 simulac
740 2511 808 2545 per
844 2512 885 2535 os
922 2502 1070 2548 ingesta
1104 2504 1191 2546 sint,
1218 2503 1265 2538 ab
1295 2503 1378 2550 ipso
1405 2503 1616 2540 ventriculo
1641 2504 1883 2550 recipiantur.
1936 2499 2011 2536 Nu-
