2150 2904
1041 240 1089 271 40

200 348 400 395 exemplis,
429 354 542 392 atque
570 345 803 390 neutiquam,
831 349 872 378 ut
898 343 938 378 in
965 344 1024 386 iis,
1052 349 1173 386 acute,
1201 341 1269 376 sed
1296 342 1421 388 potius
1450 342 1581 377 obtuse
1609 343 1855 377 terminatum
1882 340 1942 376 in-

198 415 413 450 veniebam.
468 411 633 457 Contigit
658 411 750 444 mihi
776 411 845 445 hoc
872 422 1033 457 quoque,
1068 415 1109 444 ut
1134 410 1173 444 in
1200 410 1444 444 utriculorum
1472 409 1567 443 collo
1595 411 1807 455 proprium,
1842 406 1942 456 quod

198 483 269 518 huc
294 491 408 525 usque
436 478 574 513 frustra
601 478 876 523 quaesiveram,
904 477 1249 512 animadverterem
1276 476 1426 510 ostium.

364 546 428 580 Ex
450 545 496 579 iis
525 556 619 591 quae
640 543 754 578 modo
781 546 931 590 protuli,
956 545 1048 587 iure,
1075 549 1115 577 ut
1142 542 1233 576 mihi
1251 542 1413 585 videtur,
1442 542 1770 589 concludipotest:
1791 546 1833 578 1⁹
1854 543 1944 578 utri·

202 616 302 650 culos
330 623 444 658 supra
471 610 678 657 descriptos
706 611 864 645 aliorum
892 610 1113 645 animalium
1139 611 1270 645 ovaria
1295 616 1599 655 repraesentare;
1628 613 1672 643 20
1701 621 1774 644 ova
1801 611 1842 644 in
1868 611 1944 645 sin-

202 680 295 727 gulis
326 677 501 714 Nereidis
538 677 677 712 ovariis
707 688 783 711 non
813 678 923 724 plura
958 677 1068 710 simul
1097 688 1208 723 quam
1242 687 1357 711 unum
1384 682 1530 710 tantum
1556 677 1763 722 procreari;
1789 674 1834 711 3ὂ
1871 687 1946 712 ova

203 759 256 783 ex
293 745 431 781 ovariis
463 744 504 778 in
538 744 705 789 corporis
738 745 920 779 cavitates
951 744 1108 777 transire
1145 749 1184 777 et
1210 742 1361 788 aliquod
1395 754 1463 789 per
1492 749 1641 789 tempus
1670 743 1709 777 in
1742 745 1789 778 iis
1814 743 1948 779 foveri.

203 814 404 848 Praeterea
430 810 500 843 hoc
529 820 675 855 quoque
704 820 771 855 pro
800 817 992 856 comperto
1020 809 1154 851 habeo,
1182 810 1304 856 primo
1331 822 1422 844 vere
1440 810 1585 855 singula
1602 809 1779 843 Nereidis
1795 815 1947 844 nostrae

205 878 336 915 ovaria
363 888 439 910 non
462 875 600 918 semel,
635 875 702 910 sed
730 877 947 922 aliquoties,
974 876 1088 922 idque
1116 877 1223 911 brevi
1251 882 1440 922 tempore,
1469 886 1583 911 ovum
1611 881 1650 910 et
1674 887 1874 922 procreare
1910 881 1950 910 et

202 948 244 982 in
271 944 436 991 corporis
466 942 648 977 cavitates
678 944 887 987 effundere;
922 953 1009 977 nam
1043 943 1084 977 in
1116 942 1372 989 compluribus
1409 942 1598 988 exemplis
1636 943 1819 978 cavitates
1851 943 1950 986 illas,

204 1014 294 1061 quin
322 1011 438 1045 etiam
465 1008 633 1054 ipsarum
660 1010 918 1044 branchiarum
945 1016 1098 1044 truncos
1134 1014 1239 1044 tanto
1275 1020 1431 1044 ovorum
1466 1021 1623 1044 numero
1657 1011 1823 1056 repletos
1855 1007 1953 1051 vidi,

204 1086 246 1114 ut
270 1089 343 1113 ova
376 1085 597 1119 organorum
626 1076 776 1107 illorum
803 1087 1022 1114 numerum,
1058 1086 1152 1118 quae
1190 1077 1322 1108 ovaria
1349 1087 1371 1108 a
1393 1087 1454 1108 me
1483 1077 1673 1119 dicuntur,
1707 1077 1816 1120 longe
1844 1084 1953 1120 supe-

205 1149 344 1181 rarent.
398 1138 575 1173 Ceterum
604 1139 772 1173 omnium
799 1139 972 1173 maxima
998 1139 1062 1174 vel
1091 1150 1137 1172 ea
1164 1140 1330 1183 corporis
1359 1141 1514 1183 cavitas,
1541 1142 1582 1176 in
1609 1153 1683 1187 qua
1711 1148 1748 1175 et
1774 1141 1954 1186 pharynx

206 1217 245 1246 et
277 1205 508 1244 ventriculus
538 1205 662 1239 locum
683 1204 843 1246 habent,
875 1210 1050 1250 respectu
1087 1204 1348 1250 amplitudinis
1384 1206 1463 1240 eius
1499 1207 1627 1241 habito
1663 1207 1783 1241 multo
1817 1204 1956 1240 minori

208 1285 365 1313 ovorum
390 1271 500 1317 copia
526 1272 673 1316 repleta
700 1277 792 1313 erat,
823 1281 932 1315 quam
960 1270 1037 1303 ulla
1052 1270 1126 1304 alia
1149 1271 1302 1304 cavitas.
1329 1271 1372 1305 In
1388 1272 1554 1316 gravidis
1570 1271 1744 1306 Nereidis
1765 1270 1956 1316 exemplis

209 1343 325 1378 etiam
360 1339 464 1374 viam
501 1338 654 1379 detexi,
696 1348 767 1383 qua
803 1348 877 1371 ova
919 1337 1087 1382 corporis
1124 1336 1308 1370 cavitates
1341 1337 1554 1384 relinquere
1588 1344 1756 1384 possunt.
1819 1337 1956 1372 Inveni

211 1410 332 1448 enim,
366 1406 407 1440 in
439 1409 598 1449 utraque
627 1403 848 1437 annulorum
886 1413 1031 1443 eorum,
1067 1403 1129 1448 qui
1165 1403 1307 1438 ovar-iis
1339 1402 1512 1438 instructi
1546 1411 1651 1445 sunt,
1682 1403 1881 1444 branchia,
1916 1407 1954 1436 et

212 1474 364 1523 quidem
389 1473 429 1506 in
456 1477 634 1517 peracuto
663 1481 774 1518 quem
803 1468 914 1503 ambo
943 1468 1021 1502 eius
1041 1469 1138 1503 rami
1167 1469 1397 1503 constituunt
1423 1471 1577 1515 angulo,
1612 1481 1844 1517 perparvum
1871 1479 1954 1503 esse

211 1541 361 1582 ostium,
386 1537 486 1585 quod
512 1538 552 1572 in
578 1539 695 1583 ipsius
722 1536 844 1571 trunci
861 1546 995 1571 cavum
1014 1534 1136 1577 ducat,
1168 1547 1240 1571 ova
1259 1547 1365 1578 vero,
1392 1536 1424 1569 si
1444 1537 1586 1572 vermis
1602 1536 1703 1570 lente
1719 1543 1956 1581 compressus

213 1612 333 1648 esset,
356 1615 409 1638 ex
436 1605 565 1638 annuli
592 1604 755 1637 cavitate
779 1612 848 1646 per
877 1600 1013 1634 ostium
1034 1600 1129 1634 illud
1158 1600 1357 1634 excedere.
1411 1602 1567 1635 Praeter
1603 1602 1670 1635 illa
1697 1602 1795 1636 ostia
1828 1605 1955 1635 autem

212 1673 335 1708 nullas
364 1670 457 1704 alias
488 1668 613 1714 reperi
639 1668 743 1709 vias,
777 1666 907 1712 quibus
942 1677 1016 1701 ova
1041 1667 1206 1712 corporis
1234 1677 1368 1702 cavum
1395 1667 1608 1713 relinquere
1644 1668 1800 1713 possint.
1860 1666 1955 1701 Rem

215 1736 432 1783 diligentius
459 1735 579 1770 adhuc
612 1733 823 1780 inquiram,
857 1733 1027 1779 persuasi
1058 1732 1170 1774 mihi,
1204 1744 1295 1775 ova,
1323 1734 1456 1779 quibus
1479 1732 1686 1768 Nereidum
1715 1732 1957 1778 gravidarum

215 1803 416 1842 branchiae
445 1802 627 1848 impletae
662 1810 744 1834 esse
780 1800 919 1841 solent,
955 1799 1001 1833 ab
1034 1799 1222 1833 anteriore
1261 1805 1299 1833 et
1332 1799 1542 1845 posteriore
1576 1805 1683 1846 parte
1711 1798 1957 1833 interstitium

215 1870 330 1912 illud,
366 1868 465 1915 quod
501 1869 600 1902 inter
640 1866 770 1901 ambas
810 1865 1009 1900 cuiuslibet
1046 1865 1126 1899 fere
1165 1865 1366 1899 branchiae
1408 1866 1569 1900 aciculas
1613 1866 1809 1901 observari
1848 1865 1958 1907 solet,

217 1938 383 1978 intrare,
410 1941 612 1980 antequam
641 1943 693 1967 ex
718 1932 803 1979 ipsa
828 1930 1008 1965 branchia
1036 1931 1248 1974 excedant,
1274 1931 1368 1966 illud
1400 1932 1646 1968 interstitium
1676 1933 1788 1978 igitur
1824 1930 1958 1965 ductus

220 2002 427 2039 excretorii
449 2001 553 2037 vices
581 2010 702 2045 agere.
755 1998 812 2032 Eo
840 1997 993 2044 quidem
1018 2004 1201 2044 tempore,
1230 2010 1301 2045 quo
1330 2000 1496 2045 corporis
1519 1999 1661 2035 cavitas
1688 1998 1770 2033 ovis
1787 1995 1957 2031 nondum

219 2069 379 2115 impleta
405 2073 473 2110 est,
500 2065 658 2101 musculi
682 2065 786 2107 recti,
814 2064 948 2110 quibus
974 2065 1137 2099 aciculae
1160 2065 1362 2111 ‚praeditae
1388 2071 1493 2108 sunt,
1522 2066 1658 2112 quique
1690 2066 1789 2099 inter
1827 2063 1958 2098 ambas

220 2137 305 2170 illas
333 2132 496 2169 cuiusvis
522 2132 601 2166 fere
625 2132 826 2167 branchiae
852 2137 979 2177 partes
1004 2131 1126 2166 locum
1153 2131 1305 2174 habent,
1332 2142 1401 2177 per
1421 2136 1540 2166 totam
1558 2131 1833 2177 longitudinem
1853 2137 1959 2164 suam

222 2202 302 2236 fere
331 2211 371 2235 se
398 2199 564 2234 invicem
592 2203 763 2244 tangunt3
794 2208 907 2243 qutun
935 2203 1065 2231 tamen
1090 2203 1240 2243 tempus
1266 2199 1546 2244 appropinquat
1572 2204 1713 2244 partus,
1741 2194 1959 2243 corpuscula

226 2266 404 2301 cellulosa
431 2272 469 2300 et
495 2265 608 2311 adipe
635 2265 804 2310 impleta,
833 2273 927 2309 quae
952 2263 1102 2298 aciculis
1130 2264 1281 2310 alligata
1307 2269 1412 2306 sunt,
1440 2266 1559 2310 magis
1576 2265 1769 2310 magisque
1787 2262 1959 2297 deminu-

226 2337 349 2373 untur,
372 2331 470 2366 unde
494 2331 554 2373 fit,
581 2337 623 2365 ut
648 2329 848 2366 branchiae
877 2330 1019 2365 cavitas
1047 2331 1208 2376 amplior
1234 2330 1386 2374 evadat,
1414 2331 1578 2366 aciculae
1613 2337 1739 2365 autem
1771 2340 1848 2364 una
1875 2338 1959 2362 cum

227 2397 339 2434 rectis
371 2396 446 2430 suis
478 2398 654 2432 musculis
689 2396 836 2431 facilius
870 2396 951 2432 sive
979 2397 1079 2432 inter
1106 2408 1146 2431 se
1179 2396 1375 2430 discedere
1403 2397 1484 2434 sive
1511 2398 1630 2432 altera
1657 2395 1703 2431 ab
1730 2397 1852 2432 altera
1878 2394 1959 2430 ovis

227 2461 551 2500 intercedentibus
578 2462 766 2498 dimoveri
789 2463 945 2509 possint.
978 2461 1085 2508 (Tab.
1112 2463 1155 2498 ΙΙ.
1182 2462 1214 2497 F
1216 2463 1262 2508 ig.
1293 2463 1375 2507 12).
