2150 2904
1020 266 1066 298 2⁷

171 370 325 407 brevior
354 374 393 404 et
421 368 585 404 crassior
618 370 860 407 observatur:
894 369 989 405 haec
1022 382 1113 407 vero
1148 366 1256 416 (Tab.
1280 366 1344 404 111.
1395 366 1550 413 Fig.⁴13
1584 372 1622 403 et
1650 370 1709 413 15,
1736 365 1771 413 c)
1803 367 1922 415 magis

172 437 307 479 eti-am,
337 448 447 483 quain
475 438 561 481 illa,
593 444 651 472 est
676 437 938 484 complanata,
976 444 1087 485 atque
1122 435 1316 471 exteriora
1343 445 1474 471 versus
1501 434 1727 480 generaliter
1756 435 1796 469 in
1830 435 1922 471 duos

171 500 334 537 discedit
360 505 538 547 ramulos,
567 515 723 551 quorum
752 509 907 551 uterque
936 505 1055 539 tribus
1083 501 1329 537 crassioribus
1355 502 1557 536 instructus
1592 506 1649 536 est
1683 501 1823 536 foliolis
1859 513 1925 537 seu

169 569 319 604 lobulis.
370 569 447 616 Ipsi
477 571 597 606 lobuli
626 571 756 607 variae
793 571 945 617 quidem
980 577 1066 605 sunt
1096 575 1134 604 et
1167 569 1313 604 formae
1339 575 1378 604 et
1404 568 1697 614 magnitudinis,
1721 570 1762 604 in
1789 581 1926 615 genere

172 641 302 670 tamen
337 647 420 671 cuin
458 638 654 673 altioribus
690 642 728 671 et
762 639 990 673 acutioribus
1024 638 1219 682 triangulis
1256 635 1420 682 aliquam
1457 634 1600 669 habent
1624 635 1928 679 similitudinem,

171 700 283 747 (Tab.
308 701 353 736 ll.
377 703 459 749 Fig.
489 707 533 739 12
562 717 587 738 α
615 710 653 738 et
678 703 723 749 b).
759 702 868 746 Quod
903 715 994 739 vero
1030 703 1078 739 ad
1107 714 1236 738 eorum
1265 703 1379 736 situm
1406 707 1577 736 mutuum
1607 703 1764 745 attinet,
1797 713 1928 737 omnes

175 770 370 816 utriusque
408 771 505 805 rami
545 770 663 805 lobuli
706 771 829 817 pri-mo
867 770 1019 818 quidem
1057 770 1239 817 adspectu
1281 770 1322 803 in
1356 780 1471 803 unam
1508 768 1746 814 eandemque
1789 769 1928 804 seriem

175 834 352 883 dispositi
393 836 593 879 videntur,
637 837 669 872 si
701 837 923 883 diligentius
963 844 1095 873 tamen
1138 837 1219 872 sive
1268 836 1519 877 anteriorem,
1562 834 1643 869 sive
1678 835 1930 880 posteriorem

171 901 374 937 branchiae
408 903 547 938 faciem
589 904 837 952 adspexeris,
872 906 1070 948 invenies,
1097 903 1291 939 inferioris
1325 903 1423 939 rami
1459 901 1607 936 lobulos
1641 912 1858 947 supremum
1894 907 1933 937 et

172 968 362 1013 medium,
389 971 594 1017 superioris
621 984 716 1009 vero
744 974 915 1008 infimum
944 979 983 1007 et
1009 972 1178 1007 medium
1207 970 1262 1005 ita
1290 981 1372 1005 esse
1400 971 1512 1012 sitos,
1551 974 1594 1003 ut
1621 968 1718 1003 alter
1745 967 1930 1003 maiorem

174 1041 238 1070 aut
265 1037 455 1073 minorem
483 1038 532 1073 ad
554 1046 703 1086 partem
718 1052 821 1087 pone
839 1040 1003 1074 alterum
1030 1040 1155 1074 locum
1182 1036 1333 1071 habeat.
1367 1035 1523 1070 Etenim
1551 1036 1583 1069 si
1615 1035 1787 1082 exempli
1814 1036 1934 1083 gratia

173 1103 428 1149 posteriorem
461 1105 663 1138 branchiae
707 1107 845 1138 faciem
884 1107 1161 1149 contemplatus
1201 1104 1338 1144 fueris,
1372 1104 1570 1143 invenies,
1608 1102 1706 1135 rami
1739 1103 1932 1137 inferioris

175 1168 324 1203 labulos
350 1169 522 1203 infimum
551 1175 589 1203 et
623 1180 840 1215 supremum
878 1170 1067 1203 radicibus
1101 1179 1141 1202 se
1175 1174 1351 1212 tangere,
1386 1168 1488 1202 unde
1511 1168 1577 1201 fiat
1599 1177 1753 1200 necesse
1779 1174 1858 1210 est,
1891 1174 1934 1204 ut

177 1234 327 1269 lobulus
360 1233 509 1268 medius
546 1235 593 1270 ab
627 1236 675 1269 iis
708 1236 894 1270 maiorem
928 1234 977 1269 ad
1018 1239 1168 1280 partem
1208 1239 1375 1279 tegatur,
1416 1233 1514 1267 rami
1556 1232 1761 1279 superioris
1805 1238 1933 1268 autem

176 1299 326 1335 lobulos
354 1301 525 1337 infimiun
554 1309 593 1337 et
620 1313 836 1349 supremum
872 1300 1079 1335 secundum
1107 1305 1227 1334 totam
1258 1298 1537 1344 longitudinem
1564 1309 1670 1333 suam
1699 1298 1790 1333 satis
1823 1299 1933 1346 longe

175 1367 279 1402 inter
312 1380 352 1402 se
390 1368 551 1409 distare,
587 1380 672 1404 eam
707 1369 755 1404 ob
790 1378 942 1402 causam
978 1377 1071 1401 vero
1101 1366 1215 1400 etiam
1250 1365 1420 1400 lobulum
1455 1365 1626 1399 medium
1662 1367 1848 1400 maiorem
1886 1365 1935 1421 ad

177 1441 328 1482 partem
351 1435 392 1470 in
419 1442 622 1482 conspectu
646 1447 741 1471 esse·
756 1435 925 1470 -Inter
949 1433 1142 1479 utriusque
1159 1432 1256 1466 rami
1282 1432 1430 1467 lobulos
1448 1432 1661 1479 complures
1685 1432 1936 1480 observantur

178 1508 285 1537 setae
312 1509 537 1549 pertenues,
567 1508 718 1544 acutae,
745 1501 900 1535 omnino
928 1501 1079 1540 laeves,
1106 1498 1269 1539 flexiles,
1292 1499 1438 1533 nitidae
1468 1505 1505 1533 et
1532 1499 1803 1543 flavescentes,
1840 1509 1935 1545 quae

178 1570 221 1604 in
245 1581 360 1604 unam
389 1569 597 1614 dispositae
625 1567 763 1601 seriem
792 1578 845 1602 ex
871 1567 956 1612 ipso
983 1576 1089 1600 ramo
1116 1564 1422 1610 proficiscuntur,
1461 1564 1696 1609 divergendo
1735 1564 1937 1599 discedunt

181 1641 221 1671 et
246 1636 349 1682 ipsos
376 1634 523 1670 lobulos
550 1634 660 1678 longe
689 1632 892 1667 excedunt.
919 1631 1123 1666 Praeterea
1145 1629 1186 1664 in
1209 1630 1342 1676 quavis
1374 1630 1453 1663 fere
1481 1630 1661 1664 branchia
1696 1630 1793 1665 duae
1827 1631 1935 1666 inve-

180 1701 335 1736 niuntur
358 1701 521 1735 aciculae
548 1699 714 1742 nitidae,
750 1698 916 1745 rigidae,
952 1697 1226 1743 nigrescentes,
1268 1700 1380 1742 atque
1406 1707 1427 1730 e
1453 1697 1531 1731 tela
1564 1707 1704 1730 cornea
1731 1697 1937 1741 confectae,

184 1778 341 1814 quarum
378 1768 499 1801 altera
536 1765 585 1801 ad
619 1767 880 1813 superiorem,
925 1765 1046 1799 altera
1088 1775 1181 1799 vero
1215 1762 1265 1798 ad
1298 1762 1518 1797 inferiorem
1554 1763 1755 1799 branchiae
1788 1775 1937 1799 ramum

182 1835 371 1881 pertinet,
407 1845 636 1880 quarumque
672 1843 775 1880 apex
807 1833 908 1866 inter
941 1842 1134 1865 ramorum
1171 1830 1318 1865 lobulos
1353 1841 1488 1876 parum
1531 1836 1677 1865 tantum
1719 1832 1938 1878 prominere

183 1900 300 1942 solet,
327 1900 517 1945 posterior
549 1905 642 1935 vero
670 1899 734 1936 vel
762 1899 920 1933 crassior
951 1908 1042 1944 pars
1074 1897 1278 1932 branchiae
1305 1903 1478 1931 truncum
1506 1896 1716 1942 ingreditur
1751 1904 1864 1944 atque
1898 1897 1939 1932 in

185 1967 266 2001 eius
294 1976 387 2002 cavo
416 1966 549 2001 obtuse
576 1966 813 2001 terminatur.
848 1962 956 2010 (Tab.
983 1963 1028 1998 ΙΙ.
1055 1964 1136 2011 Fig.
1166 1967 1224 2007 12,
1244 1962 1298 2010 g).
1350 1959 1528 2003 Ceterum
1558 1963 1723 1998 aciculae
1759 1965 1849 1998 illae
1883 1962 1939 1997 ita

185 2038 272 2068 sunt
298 2032 520 2079 dispositae,
549 2038 591 2067 ut
613 2032 768 2068 alterius
796 2031 967 2066 obtusior
995 2031 1057 2068 vel
1084 2031 1246 2066 interior
1274 2036 1452 2065 extrema
1477 2042 1565 2078 pars
1595 2031 1757 2066 eandem
1782 2030 1938 2064 alterius

185 2105 354 2146 partem,
391 2111 548 2146 quacum
583 2099 685 2135 telae
722 2099 925 2134 cellulosae
964 2111 1036 2146 ope
1071 2098 1267 2141 cohaeret,
1309 2098 1520 2144 contingat,
1563 2100 1708 2133 acutior
1748 2107 1842 2132 vero
1874 2096 1939 2131 vel

187 2167 359 2200 exterior
387 2167 540 2200 alterius
566 2178 655 2213 pars
683 2167 730 2201 ab
760 2165 894 2201 eadem
924 2166 1080 2200 alterius
1105 2173 1228 2213 parte,
1257 2178 1368 2213 quum
1397 2166 1532 2200 ambae
1554 2165 1718 2199 aciculae
1743 2163 1939 2204 exteriora

187 2243 320 2268 versus
346 2233 466 2277 magis
492 2235 684 2280 magisque
711 2233 923 2279 divergant,
948 2234 1059 2278 longe
1089 2233 1215 2268 distet.
1241 2232 1426 2267 Folliculo
1448 2233 1528 2274 tali,
1557 2231 1660 2277 quali
1675 2230 1937 2265 mammalimn

190 2300 259 2346 pili
286 2299 327 2334 in
355 2310 493 2344 genere
519 2299 683 2345 praediti
709 2306 808 2342 sunt,
835 2300 1000 2335 aciculae
1029 2302 1180 2348 quidem
1207 2305 1358 2341 carent,
1383 2299 1463 2334 eius
1498 2300 1581 2334 loco
1618 2303 1748 2332 tamen
1785 2296 1939 2331 densior

193 2367 270 2401 tela
303 2367 483 2402 cellulosa
522 2352 814 2423 earfflfuiusvis
849 2367 1013 2402 aciculae
1044 2373 1213 2414 partem,
1258 2378 1353 2413 quae
1388 2366 1430 2400 in
1461 2365 1546 2412 ipso
1574 2363 1779 2399 branchiae
1809 2369 1939 2397 trunco

192 2433 316 2467 locum
342 2433 477 2476 habet,
506 2432 624 2469 vestit
659 2438 698 2467 et
722 2432 892 2468 includit.
921 2432 1002 2477 Quo
1031 2446 1114 2469 cum
1146 2432 1296 2468 indusio
1324 2445 1393 2481 per
1415 2438 1537 2467 totam
1570 2430 1652 2466 fere
1682 2430 1804 2483 partis¹
1840 2429 1940 2463 illius

187 2499 467 2546 longitudinem
495 2499 755 2548 corpusculum
777 2500 947 2538 iunctum
973 2501 1181 2549 reperitur,
1210 2498 1311 2546 quod
1335 2500 1377 2535 in
1403 2498 1523 2537 variis
1548 2496 1725 2535 Nereidis
1753 2493 1942 2541 exemplis

1658 2565 1709 2600 4‘
