2150 2904
1020 276 1068 308 43

937 325 984 333 ——

169 386 398 423 musculares
429 382 633 431 pharyngis
667 383 781 418 fibras
814 381 870 416 ita
897 380 1052 416 omnino
1081 378 1295 423 evanescit,
1328 384 1371 414 ut
1397 388 1520 425 neque
1546 377 1665 413 cultro
1698 381 1922 424 anatomico,

170 464 293 500 neque
330 451 446 487 oculis
478 461 563 485 eum
595 449 773 497 persequi
808 447 934 483 liceat.
995 447 1150 482 Praeter
1177 444 1343 481 ramulos
1380 444 1496 480 modo
1530 449 1775 490 memoratos,
1800 447 1923 482 nullos

168 519 264 554 alios
291 518 520 563 investigare
541 517 648 564 potui
674 525 826 558 nervoS‚
853 514 916 562 qui
945 513 1099 562 quidem
1128 512 1176 549 ad
1203 518 1365 547 tractum
1394 511 1664 547 intestinorum
1697 510 1925 560 pertineant.

336 582 541 620 Cerebrum
569 582 676 628 (Tab.
702 583 749 618 Π.
774 581 855 628 Fig.
878 585 913 625 2,
932 578 969 630 f.
995 580 1076 628 Fig.
1101 583 1136 615 4.
1159 579 1192 615 F
1194 580 1241 626 ig.
1268 583 1325 625 13,
1351 579 1402 626 a.)
1426 580 1552 614 locum
1577 578 1692 614 habet
1706 578 1774 614 sub
1791 579 1926 626 capitis

172 657 258 686 cute
281 662 382 698 pone
410 652 601 686 anteriora
628 657 667 686 et
693 652 793 685 inter
818 650 994 685 lateralia
1020 647 1223 690 tentacula,
1247 647 1302 681 ita
1327 654 1381 689 ut,
1407 647 1439 681 si
1462 647 1645 693 pharynx
1663 650 1722 679 est
1738 651 1926 692 protrusa‚

171 728 287 764 supra
309 729 407 761 eam,
435 718 494 752 sin
521 723 647 752 autem
677 721 734 751 est
760 721 944 759 retracta,
972 722 1060 750 ante
1089 726 1174 750 eam
1202 715 1317 749 situm
1353 714 1411 748 sit.
1463 711 1726 759 Magnitudine
1761 711 1928 758 primum

171 785 363 820 medullae
390 785 574 820 ventralis
601 784 789 830 ganglion,
817 783 956 830 quippe
985 783 1085 831 quod
1112 782 1266 829 reliquis
1294 781 1451 827 gangliis
1479 780 1599 815 multo
1618 779 1668 814 sit
1685 779 1820 821 maius,
1847 778 1928 814 fere

172 856 334 898 aequat,
369 861 418 886 ne
452 850 576 886 dicam
612 851 651 886 id
687 851 892 885 antecellit.
955 851 1127 899 Superne
1156 856 1195 885 et
1219 848 1368 884 inferne
1395 847 1547 883 modice
1576 854 1832 892 compressum
1859 848 1928 888 est,

172 922 284 964 atque
317 929 337 952 e
373 923 532 964 quatuor
564 918 661 953 lobis
696 918 911 953 maximam
942 924 1093 967 partem
1135 919 1238 953 inter
1279 926 1319 950 se
1362 914 1509 950 coalitis
1552 918 1726 948 constare
1767 909 1931 947 videtur.

174 981 342 1026 Quorum
377 983 550 1019 loliorum
588 984 798 1019 anteriores
833 985 989 1034 reliquis
1025 986 1141 1032 paulo
1175 983 1341 1019 maiores
1376 988 1482 1025 sunt,
1512 986 1552 1016 et
1583 991 1669 1015 cum
1697 978 1930 1025 gangliorum

172 1054 307 1084 catena
333 1061 523 1086 ramorum
553 1063 683 1086 eorum
712 1063 799 1099 ope,
823 1051 871 1085 de
900 1051 1034 1099 quibus
1063 1062 1177 1098 supra
1202 1051 1281 1085 iam
1310 1049 1381 1095 egi,
1408 1048 1620 1083 cohaerent.

341 1114 550 1151 cerebrum
577 1116 730 1151 nonnisi
758 1116 807 1150 ad
834 1126 1058 1161 organorum
1087 1124 1264 1149 sensuum
1297 1114 1512 1148 functiones
1539 1112 1796 1147 moderandas
1830 1123 1934 1147 crea-

172 1187 255 1216 tum
283 1182 445 1218 videtur.
470 1180 535 1215 Ex
562 1181 815 1215 anterioribus
844 1181 923 1215 eius
949 1181 1046 1215 lobis
1074 1192 1120 1215 eo
1146 1181 1243 1222 loco,
1271 1180 1336 1214 ubi
1362 1180 1420 1214 illi
1440 1190 1522 1214 cum
1540 1177 1733 1212 medullae
1750 1178 1933 1213 ventralis

173 1247 526 1296 prolongationibus
553 1246 742 1283 coniuncti
770 1252 867 1289 sunt,
896 1246 972 1281 duo
997 1246 1210 1294 procedunt
1234 1245 1331 1280 rami
1357 1243 1467 1290 (Tab.
1492 1243 1540 1278 ΙΙ.
1564 1242 1647 1289 Fig.
1673 1245 1710 1287 4,
1736 1239 1771 1286 b,
1795 1240 1841 1288 c.)
1871 1243 1933 1289 qui

174 1314 349 1349 flexuoso
387 1313 546 1348 decursu
582 1313 632 1348 ad
656 1313 803 1348 maiora
828 1313 894 1348 vel
919 1313 1094 1348 lateralia
1127 1311 1321 1347 tentacula
1354 1309 1535 1353 tendunt,
1570 1315 1676 1344 recta
1707 1309 1773 1345 via
1805 1315 1934 1344 autem

173 1380 241 1415 illa
267 1380 351 1426 ipsa
378 1391 517 1425 organa
543 1384 756 1426 permeant.
807 1376 934 1425 Usque
970 1378 1020 1413 ad
1047 1377 1280 1413 tentaculum
1307 1381 1466 1422 uterque
1491 1381 1604 1410 tenue
1629 1374 1790 1410 exhibet
1816 1375 1934 1418 filum,

173 1447 216 1481 in
243 1458 288 1481 eo
310 1452 437 1481 autem
464 1445 584 1491 magis
610 1445 804 1491 magisque
832 1445 1104 1492 amplificatur,
1138 1444 1193 1479 ita
1227 1447 1269 1477 ut
1297 1442 1469 1478 exterior
1491 1443 1559 1479 vel
1593 1442 1718 1478 minor
1751 1442 1935 1477 tentaculi

175 1513 352 1548 articulus
378 1523 456 1548 non
481 1511 557 1546 nisi
585 1524 605 1546 e
633 1517 718 1546 cute
747 1516 860 1556 atque
900 1523 953 1546 ex
987 1512 1122 1546 ultima
1156 1509 1267 1546 nervi
1294 1508 1342 1544 de
1370 1520 1443 1556 quo
1471 1509 1680 1557 loquimur,
1707 1514 1819 1554 parte
1847 1519 1934 1542 con-

176 1585 338 1615 structus
364 1580 423 1614 sit.
460 1578 689 1624 Diligentius
717 1578 748 1612 si
778 1588 864 1612 eum
891 1575 1176 1624 perquisiveris,
1202 1575 1390 1618 invenies,
1420 1587 1505 1611 eum
1529 1576 1569 1610 in
1596 1574 1779 1610 tentaculi
1806 1580 1936 1620 poste·

176 1646 276 1681 riore
302 1645 366 1682 vel
394 1645 538 1679 maiore
567 1650 606 1678 et
629 1654 768 1689 magna
794 1643 974 1677 fibrarum
1003 1642 1272 1678 muscularium
1306 1641 1416 1688 copia
1449 1639 1624 1687 praedito
1653 1639 1810 1675 articulo
1847 1652 1935 1676 con-

177 1717 276 1747 stare
305 1722 326 1745 e
352 1711 459 1745 tenui
488 1717 527 1745 et
552 1709 720 1744 filiformi
747 1709 927 1752 medulla,
951 1715 1063 1756 atque
1095 1719 1149 1743 ex
1184 1708 1312 1754 amplo
1349 1713 1388 1741 et
1418 1705 1627 1741 medullam
1657 1704 1750 1740 laxe
1787 1712 1935 1742 tantum

178 1779 350 1823 cingente
377 1777 643 1818 neurilemate,
668 1775 709 1809 in
736 1775 929 1809 exteriore
957 1781 1084 1810 autem
1119 1773 1185 1810 vel
1221 1773 1370 1808 minore
1397 1772 1554 1807 articulo
1588 1771 1712 1806 maius
1751 1773 1935 1809 exhibere

180 1843 367 1891 ganglion‚
395 1843 495 1890 quod
520 1844 733 1879 maximam
759 1841 839 1877 eius
861 1848 1010 1890 partem
1035 1840 1249 1877 constituat.
1301 1838 1395 1874 Inde
1420 1850 1514 1875 vero
1542 1843 1581 1873 et
1606 1843 1813 1885 propterea
1837 1839 1937 1886 quod

174 1910 339 1944 minoris
367 1911 514 1944 articuli
541 1911 634 1944 cutis
658 1910 809 1944 tenuior
838 1915 914 1955 est,
946 1921 1060 1958 quam
1096 1908 1274 1951 maioris,
1311 1906 1537 1943 concludere
1570 1906 1709 1950 velim,
1744 1905 1936 1941 sentiendi

180 1976 402 2011 facultatem
427 1975 484 2010 illi
510 1981 659 2010 tantum
687 1986 770 2010 esse
793 1975 1038 2024 impertitam.
1062 1975 1166 2011 Inter
1183 1985 1323 2011 nervos
1338 1973 1452 2009 modo
1473 1973 1695 2020 descriptos,
1723 1978 1763 2007 et
1781 1971 1936 2019 quidem

181 2043 293 2076 iuxta
317 2053 393 2085 eos,
422 2054 442 2077 e
466 2042 619 2077 cerebro
648 2041 722 2077 duo
752 2042 817 2077 alii
842 2045 945 2092 iique
962 2045 1081 2080 multo
1096 2041 1312 2089 graciliores
1327 2034 1613 2089 proficiscuntur
1630 2038 1752 2082 nervi,
1772 2036 1935 2085 (Tab.lI·

183 2108 264 2155 Fig.
291 2111 326 2152 4,
354 2110 402 2155 a.)
438 2110 500 2156 qui
536 2109 709 2144 flexuoso
744 2109 902 2145 decursu
938 2110 987 2145 ad
1015 2110 1200 2145 interiora
1232 2109 1297 2144 vel
1333 2108 1510 2143 tenuiora
1545 2106 1707 2141 tendunt
1744 2102 1936 2139 tentacula

187 2186 308 2221 eaque
341 2182 551 2221 permeant.
613 2176 776 2222 Singulis
812 2182 938 2212 autem
976 2176 1122 2212 cerebri
1153 2174 1251 2209 lobis
1288 2173 1338 2209 ad
1373 2174 1552 2210 laterales
1580 2183 1712 2208 eorum
1747 2169 1936 2215 margines

187 2242 323 2288 singuli
351 2243 448 2277 oculi
470 2243 703 2286 incumbunt,
730 2243 851 2290 iisque
886 2249 964 2278 tam
998 2250 1098 2279 arcte
1133 2241 1359 2282 adhaerent,
1402 2246 1445 2274 ut
1483 2239 1594 2275 nervi
1631 2238 1747 2285 optici
1782 2245 1936 2284 prorsus

190 2307 324 2343 deesse
351 2308 568 2344 videantur.
591 2309 699 2355 (Tab.
726 2310 772 2344 ΙΙ.
799 2309 879 2356 Fig.
906 2310 954 2354 4.)
981 2309 1026 2344 In
1052 2306 1258 2344 Nereide
1293 2305 1514 2340 lobulata
1541 2317 1655 2347 vero,
1683 2309 1815 2351 utpote
1842 2313 1936 2349 quae

190 2375 309 2408 multo
344 2376 552 2411 maioribus
591 2376 727 2420 oculis,
770 2388 883 2424 quam
919 2375 1092 2411 Nereis
1134 2372 1426 2421 pulsatoria,
1459 2371 1644 2407 instructa
1679 2376 1753 2414 est,
1783 2369 1940 2416 quilibet

191 2450 332 2474 nervus
368 2442 512 2488 opticus
547 2448 605 2478 sat
639 2444 838 2491 perspicue
874 2443 1136 2480 tenuissimum
1169 2441 1361 2487 breveque
1405 2439 1563 2476 exhibet
1601 2440 1716 2475 filum.
1761 2436 1869 2483 (Tab.
1892 2431 1937 2467 II-

194 2505 272 2551 Fig.
302 2509 336 2548 5,
361 2509 424 2553 g.).

1688 2571 1734 2606 6*
