2150 2904
1071 249 1118 279 54

211 359 408 408 sequentia
432 356 581 405 possint
607 353 753 390 coniici.
804 351 932 390 Latex
965 353 1031 389 ille
1068 364 1088 388 e
1115 363 1207 390 vase
1240 351 1382 388 dorsali
1407 364 1478 401 per
1500 363 1627 390 ramos
1653 354 1854 391 nonnullos
1883 366 1963 392 ma-

211 428 333 463 iorem
367 423 415 458 ad
441 426 590 469 partem
623 420 665 455 in
701 421 825 468 capite
860 421 953 455 sitos
986 420 1028 455 in
1054 426 1214 467 quatuor
1247 420 1385 455 transit
1417 431 1557 466 organa
1587 421 1802 457 reticulata:
1837 433 1890 457 ex
1915 422 1963 457 iis

213 499 339 529 autem
367 490 408 524 in
433 498 502 524 vas
529 487 703 523 ventrale
732 487 1015 534 transgreditur.
1066 485 1218 521 Deinde
1245 496 1269 520 a
1293 496 1386 522 vase
1412 485 1579 523 ventrali
1603 486 1746 534 partim
1771 488 1820 523 ad
1837 494 1964 535 poste-

211 559 353 594 riorem
381 554 546 601 corporis
575 553 864 589 extremitatem
899 558 1166 602 promovetur,
1201 552 1341 599 partim
1377 552 1458 586 eius
1490 552 1610 600 ipsius
1644 553 1807 589 traditur
1837 554 1966 597 ramis,

213 633 370 670 quorum
398 631 471 666 ope
496 620 574 655 iam
601 620 776 666 inprimis
805 626 843 655 et
862 620 1052 656 branchiis
1067 625 1106 654 et
1119 619 1254 654 tractui
1268 619 1536 655 intestinorum
1552 619 1764 656 advehitur.
1789 619 1966 666 Denique

213 701 234 724 e
261 687 379 724 variis
400 686 477 721 illis
504 686 652 732 organis
678 686 720 720 in
747 687 823 721 alia
849 686 985 722 transit
1011 697 1116 729 vasa,
1145 697 1239 733 quae
1267 686 1419 733 quidem
1447 697 1530 721 cum
1564 687 1632 729 iis,
1668 697 1826 733 quorum
1850 683 1966 720 modo

212 754 448 789 mentionem
475 751 560 794 feci,
588 757 668 786 tam
695 764 852 787 numero
883 763 995 799 quam
1022 752 1145 787 forma
1172 753 1338 800 aliquam
1357 752 1498 788 habent
1512 751 1817 795 similitudinem,
1838 751 1967 786 omnia

231 831 344 855 amen
368 830 450 853 cum
477 829 569 854 vase
595 817 736 852 dorsali
763 818 979 861 cohaerent,
1006 819 1115 865 eique
1143 830 1254 866 quem
1281 825 1507 865 receperant
1524 819 1745 864 sanguinem
1763 817 1968 855 advehunt.

224 885 372 930 Sanguis
403 884 538 929 igitur,
574 884 637 930 qui
670 884 710 917 in
741 894 810 919 vas
837 884 986 919 dorsale
1008 884 1151 929 influit,
1177 887 1218 921 in
1245 884 1432 921 branchiis
1459 884 1648 931 principio
1678 883 1895 930 oxygeniO,
1925 881 1966 916 in

217 951 395 986 intestino
424 961 515 985 vero
540 949 650 995 chylo
676 949 742 984 vel
768 949 991 984 substantiis
1017 952 1272 987 nutrientibus
1297 950 1470 986 inficitur.
1496 949 1541 986 In
1566 961 1659 988 vase
1684 950 1824 986 dorsali
1839 955 1964 984 autem

219 1016 442 1062 sanguinem
470 1021 581 1064 caput
606 1025 739 1052 versus
765 1016 894 1060 fluere,
921 1026 1035 1064 supra
1058 1017 1136 1054 iam
1162 1017 1328 1054 narravi.

381 1128 493 1174 Quod
518 1128 711 1174 sanguinis
737 1134 885 1165 motum
903 1130 1152 1176 irregularem
1177 1130 1326 1173 attinet,
1354 1130 1581 1177 superfluam
1602 1129 1847 1167 navavissem
1875 1141 1965 1178 ope-

218 1207 316 1240 ram,
343 1196 375 1231 si
408 1196 475 1238 iis,
510 1205 605 1241 quae
632 1194 709 1228 iam
732 1204 846 1241 supra
877 1195 925 1230 de
954 1207 999 1231 eo
1030 1195 1191 1244 protuli,
1226 1195 1337 1241 plura
1370 1194 1585 1229 adiicerem.
1654 1193 1824 1230 Sufficiat
1852 1197 1967 1242 igitur

217 1272 550 1304 commemorasse,
581 1261 721 1300 omnia,
753 1272 848 1306 quae
874 1263 936 1297 vir
963 1260 1319 1308 experientissimus
1336 1259 1516 1296 JOANNES
1534 1259 1786 1295 MUELLERde
1805 1260 1964 1297 aliorum

214 1329 404 1364 vermium
432 1326 696 1360 annulatorum
726 1327 966 1360 circulatione
991 1327 1033 1360 in
1059 1337 1196 1371 genere
1216 1324 1464 1368 contenderit,
1491 1327 1698 1362 secundum
1715 1337 1821 1362 meas
1838 1327 1964 1362 obser-

214 1394 390 1430 vationes
418 1391 465 1426 de
492 1389 658 1425 Nereide
686 1401 832 1437 quoque
859 1392 1002 1428 valere.
1053 1390 1145 1425 Eius
1172 1396 1299 1426 autem
1330 1390 1378 1425 de
1412 1390 1606 1426 functione
1632 1392 1700 1427 illa
1726 1392 1845 1427 verba
1871 1392 1964 1429 haec

213 1456 361 1503 sunt:*)
388 1456 463 1491 Dz'e
477 1456 774 1503 Hauptgefdsse
804 1457 895 1500 (der
913 1458 1118 1504 {Vei'rmeoey
1141 1457 1232 1492 sind
1245 1457 1403 1492 Herzen
1420 1455 1491 1491 mit
1508 1456 1816 1492 alterm‘rendem
1832 1457 1963 1503 Pulso,

214 1524 318 1560 dz‘ese
343 1524 501 1558 Herzea
532 1520 741 1568 mehrsaclc
769 1523 855 1559 und
887 1523 1083 1571 «aelfaeh,
1120 1536 1199 1559 rmas
1236 1522 1311 1558 den
1344 1521 1668 1569 ururmfo'rmegren
1704 1522 1872 1558 Tln'eren
1905 1524 1967 1560 bei

210 1590 322 1626 ihren
375 1586 873 1624 zusammensclmzyrenden
916 1590 1002 1624 mid
1033 1588 1348 1634 rerlc‘c'ngernden
1392 1587 1742 1634 Ortsbewegungen
1784 1589 1875 1626 selm-
1912 1604 1963 1628 zu

215 1656 374 1690 Statten
405 1652 547 1687 kc‘immt
573 1650 659 1684 und
691 1651 753 1686 die
780 1653 1038 1689 He'nderm'sse
1073 1655 1139 1688 des
1174 1651 1429 1698 Krev‘slavfes
1462 1650 1646 1697 anshelm,
1690 1651 1821 1688 dudem
1849 1657 1962 1702 jedes

217 1719 336 1755 stacta
375 1719 439 1753 (les
473 1715 630 1751 Thsz'eres
668 1715 763 1751 doch
805 1717 891 1752 eine
923 1719 1166 1754 Undulatz'on
1202 1717 1390 1753 zwz‘sclaen
1431 1718 1517 1752 dem
1546 1716 1665 1750 Blute
1708 1717 1779 1753 der
1805 1719 1962 1770 Haupt-

213 1790 373 1821 stic’mme
401 1782 545 1819 meilen
571 1781 686 1817 kann.
735 1782 812 1818 Rei
842 1783 947 1820 allen
962 1785 1106 1829 finden
1129 1783 1202 1820 wir
1228 1783 1342 1819 einen
1363 1781 1583 1818 vertikalen
1603 1782 1689 1817 und
1716 1782 1828 1821 einen
1858 1786 1959 1822 hori-

214 1849 398 1885 zontalen
431 1846 561 1882 Cir-hel
598 1847 664 1882 des
696 1847 854 1892 Blutes,
895 1850 981 1885 und
1003 1850 1192 1886 zwiscllen
1229 1850 1304 1885 den
1337 1849 1664 1897 Hauptstiessmmen
1707 1850 1773 1886 des
1815 1852 1959 1890 Cir-hela*

214 1914 373 1949 aiberall
411 1914 657 1950 oscz'lle'remle
693 1914 916 1962 Bewegung
954 1917 1019 1952 des
1052 1916 1191 1952 mutes
1226 1928 1300 1950 ron
1327 1915 1453 1950 ez‘nem
1485 1914 1655 1952 Stamme
1690 1928 1779 1952 zum
1807 1919 1958 1956 andern

218 1980 341 2016 durch
369 1979 431 2015 die
457 1978 927 2028 Communeicatt'onsbogen
949 1983 1035 2018 und
1061 1980 1502 2030 Cape'llargefcissnetze.

381 2091 532 2137 Organa
557 2092 755 2129 reticulata
778 2105 900 2142 neque
922 2098 1088 2140 cordum,
1109 2107 1232 2143 neque
1249 2095 1510 2143 glandularum
1525 2098 1804 2134 secernentium
1826 2099 1956 2135 officiis

222 2157 321 2203 rf'ungi
342 2168 474 2204 posse,
503 2159 580 2192 iam
614 2168 667 2194 ex
700 2172 830 2196 eorum
857 2168 1041 2198 structura
1075 2164 1166 2198 satis
1202 2174 1389 2211 superque
1417 2169 1535 2210 patet.
1593 2163 1690 2199 Eam
1724 2164 1771 2199 ob
1805 2175 1953 2200 causam

229 2228 356 2264 uitem,
384 2222 484 2269 quod
505 2223 559 2258 ita
582 2225 760 2270 sanguine
783 2227 937 2274 impleri
952 2236 1121 2274 possunt,
1148 2235 1191 2264 ut
1208 2230 1450 2265 utriculorum
1469 2238 1561 2275 prae
1578 2239 1618 2264 se
1632 2229 1757 2266 ferant
1775 2231 1952 2276 speciem,

218 2286 338 2331 primo
366 2287 547 2336 adspectu
573 2288 668 2325 haec
690 2292 881 2327 sententia
907 2294 1164 2343 cumqbillorum
1199 2302 1333 2333 natura
1366 2296 1520 2331 omnino
1548 2297 1759 2332 consentire
1789 2296 1952 2339 videtur,

303 2452 333 2490 ⁴³)
355 2449 485 2484 Ibidem.
507 2450 602 2489 Tem.¹
623 2453 682 2488 IV.
704 2455 780 2497 pag.
804 2454 875 2489 149.
