2150 2904
1013 273 1061 306 47

167 386 402 428 intestinum,
430 387 541 430 atque
566 382 608 417 in
634 380 713 416 eius
734 379 874 416 dextro
901 380 1128 427 sinistroque
1155 379 1278 415 latere
1301 378 1567 414 ram'ificantur.
1591 375 1759 420 Quatuor
1783 385 1910 416 autem

167 454 291 501 prima
317 460 448 487 eorum
472 449 594 496 paria,
621 459 668 483 ea
692 447 817 493 igitur,
844 457 939 494 quae
966 447 1015 482 ad
1043 453 1230 493 quartlun,
1258 445 1441 493 quintum,
1465 451 1620 481 sextum
1646 450 1685 480 et
1705 445 1909 492 septimum

166 519 333 566 eorporis
359 517 538 552 annulum
566 514 777 561 pertinent,
805 514 955 561 oblique
979 515 1192 560 posteriora
1217 524 1350 551 versus
1377 513 1591 556 decurrunt,
1617 516 1666 548 etv
1682 510 1836 559 quidem
1865 523 1910 547 eo

166 584 369 632 obliquius,
400 594 473 630 quo
498 581 622 616 minus
648 592 670 616 a
697 581 820 627 capite
845 580 1005 625 distant3
1030 581 1131 617 unde
1156 587 1280 629 patet,
1305 581 1373 617 illa
1398 582 1574 620 vasaeo
1606 578 1781 625 longiora
1815 589 1912 621 esse,

167 662 242 698 quo
273 649 430 697 propius
460 648 575 695 capiti
604 653 691 682 sunt
716 647 800 683 sita.
851 646 1055 684 Inferiores
1082 649 1352 684 extremitates
1377 648 1511 696 primi,
1547 645 1703 682 secundi
1737 651 1778 679 et
1810 643 1914 679 tertii

164 718 277 765 paris⁴
297 729 381 753 cum
406 716 555 763 postica
580 715 782 752 ventriculi
808 719 917 762 parte
935 714 1154 751 cohaerent:
1181 715 1311 751 media
1330 721 1458 751 autem
1470 714 1535 752 vel
1548 712 1716 749 indivisa
1731 717 1915 749 vasorum

164 783 317 819 illorum
349 792 438 829 pars
472 793 556 817 cum
587 782 691 817 nullo
729 781 804 816 alio
840 792 983 827 organo
1023 788 1081 817 est
1112 783 1259 827 iuncta,
1293 782 1361 818 sed
1394 783 1513 818 libere
1544 781 1586 816 in
1618 790 1713 815 cavo
1745 777 1916 824 corporis

163 854 348 885 versatur.
382 848 478 884 Eam
506 849 554 884 ob
581 858 732 884 causam
758 858 851 884 vero
880 854 919 883 et
943 855 1150 896 propterea
1176 848 1276 896 quod
1301 849 1458 896 reliquis
1483 852 1621 883 tractus
1647 843 1914 880 intestinorum

165 915 268 950 vasis
301 916 473 961 longiora
504 921 608 960 sunt,
643 915 726 950 fieri
758 920 908 962 potest,
939 920 1001 958 ut,
1032 927 1145 963 quum
1186 917 1329 952 vermis
1362 912 1492 951 noster
1525 911 1780 952 ventriculum
1815 909 1914 943 ultro

166 981 333 1029 citroque
368 982 511 1028 agitare
544 989 717 1026 conatur,
762 982 810 1017 de
845 983 980 1029 quibus
1021 982 1212 1029 loquimur
1248 992 1342 1019 vasa
1372 993 1497 1029 neque
1531 978 1737 1019 ventriculi
1771 980 1915 1011 motum

165 1046 391 1094 impediant,
415 1060 539 1096 neque
567 1049 652 1095 ipsa
677 1050 776 1084 ultra
788 1048 945 1084 modum
965 1048 1234 1084 extendantur.
1261 1049 1416 1084 Praeter
1429 1058 1556 1084 ramos
1573 1044 1692 1081 modo
1708 1042 1916 1088 descriptos

165 1113 241 1147 alia
267 1113 387 1147 adhuc
408 1124 502 1149 vasa
528 1115 753 1149 intestinum
781 1125 863 1148 cum
890 1124 983 1148 vase
1010 1114 1152 1153 dorsali
1178 1115 1422 1159 coniungunt..
1446 1112 1667 1158 Simplicem
1685 1109 1919 1144 constituunt

165 1179 326 1222 seriem,
361 1190 474 1225 quum
502 1179 597 1213 alius
624 1190 725 1224 pone
753 1180 869 1213 alium
895 1179 948 1213 sit
973 1180 1079 1220 situs,
1107 1179 1243 1223 singuli
1269 1179 1380 1215 brevi
1403 1175 1469 1215 via
1491 1189 1562 1224 per
1588 1175 1675 1211 cavi
1693 1174 1918 1209 intestinum

166 1244 369 1279 ambientis
399 1244 546 1290 singula
577 1249 689 1289 septa
722 1254 745 1278 a
776 1255 871 1280 vase
911 1243 1055 1279 dorsali
1094 1244 1143 1279 ad
1179 1255 1348 1290 organon
1380 1243 1476 1279 illud
1511 1241 1770 1283 descendunt,
1805 1244 1919 1286 atque

169 1309 305 1346 eodem
330 1320 489 1346 numero
513 1310 767 1357 reperiuntur,
795 1322 867 1357 quo
896 1316 1005 1357 septa
1034 1309 1131 1344 talia
1152 1314 1320 1344 exstant.

331 1376 365 1413 E
395 1377 550 1422 regione
582 1375 684 1411 vasis
721 1374 880 1410 dorsalis
923 1375 965 1409 in
1005 1374 1187 1409 inferiore
1221 1375 1286 1410 vel
1321 1375 1487 1411 ventrali
1520 1375 1686 1421 corporis
1716 1375 1863 1421 pariete
1898 1383 1920 1407 a

165 1443 280 1480 tertio
313 1453 431 1489 usque
460 1442 511 1477 ad
542 1442 717 1476 ultimum
755 1442 923 1487 corporis
960 1443 1140 1476 annulum
1175 1452 1244 1478 vas
1280 1441 1446 1477 decurrit
1486 1441 1544 1476 illi
1585 1441 1709 1476 simile
1755 1439 1919 1487 quidem,

166 1511 281 1558 paulo
310 1509 471 1556 amplius
498 1514 639 1543 tamen.
693 1507 800 1553 (Tab.
822 1507 867 1541 Π.
891 1508 973 1554 Fig.
989 1511 1024 1550 2,
1044 1521 1075 1543 ο.
1102 1507 1182 1553 Fig.
1199 1511 1233 1549 8,
1249 1520 1280 1550 e,
1298 1520 1328 1542 e.
1352 1508 1514 1554 Fig.11;
1543 1506 1713 1542 Tab.III.
1738 1503 1920 1552 Fig.15.).

167 1576 377 1612 Medullam
415 1575 652 1617 ventralem,
705 1584 817 1621 quam
848 1574 983 1609 itidem
1017 1574 1271 1620 amplitudine
1313 1580 1490 1620 superat,
1530 1583 1771 1621 nequaquam
1810 1571 1919 1605 sicuti

167 1641 398 1678 Hirudinum
421 1651 490 1677 vas
514 1640 688 1676 ventrale
710 1639 882 1683 includit,
901 1639 970 1675 sed
997 1641 1126 1687 potius
1154 1639 1190 1674 ei
1207 1640 1430 1686 impositum
1455 1645 1522 1674 est.
1551 1638 1672 1682 Quam
1700 1639 1748 1673 ob
1768 1648 1919 1672 causam

169 1714 208 1743 et
233 1713 438 1754 propterea
463 1705 564 1753 quod
587 1705 772 1741 ventralis
798 1706 966 1752 corporis
991 1707 1120 1753 paries
1149 1706 1291 1741 dorsali
1324 1706 1475 1752 pariete
1507 1706 1626 1740 multo
1662 1711 1719 1740 est
1749 1703 1919 1746 crassior,

167 1773 251 1808 fieri
276 1783 354 1807 non
377 1778 516 1819 potest,
540 1773 631 1820 quin
655 1773 852 1814 ventrale,
880 1771 928 1806 de
959 1784 1032 1819 quo
1060 1773 1194 1818 agitur,
1220 1783 1290 1808 vas
1317 1773 1435 1806 multo
1458 1773 1584 1808 minus
1620 1781 1730 1818 quam
1757 1770 1919 1812 dorsale,

169 1849 238 1886 per
271 1837 532 1884 integumenta
571 1838 787 1873 communia
826 1839 1066 1874 transluceat.
1123 1839 1234 1873 Rami
1276 1840 1359 1874 eius
1388 1840 1429 1874 in
1461 1850 1599 1885 genere
1636 1837 1685 1872 ad
1717 1847 1919 1873 numerum

171 1904 321 1947 eodem,
348 1904 397 1938 ad
424 1904 730 1940 distributionem
757 1905 884 1948 simili,
913 1904 962 1940 ad
989 1904 1189 1940 decursum
1217 1906 1404 1940 contrario
1431 1905 1547 1940 modo
1566 1916 1606 1939 se
1628 1904 1782 1947 habent,
1807 1912 1919 1950 quam

169 1965 273 2007 vasis
300 1970 461 2005 dorsalis
484 1971 592 2006 rami.
643 1971 688 2006 In
725 1983 771 2006 ea
804 1972 906 2006 enim
935 1972 1105 2018 corporis
1130 1977 1258 2017 parte,
1287 1984 1399 2020 quam
1431 1972 1652 2008 intestinum
1679 1973 1868 2018 permeat,
1897 1979 1921 2001 e

169 2048 262 2074 vase
294 2038 458 2074 ventrali
491 2037 654 2073 totidem
686 2038 896 2084 procedunt
920 2039 1017 2074 rami
1044 2036 1153 2083 (Tab.
1179 2037 1226 2072 II.
1250 2037 1331 2085 Fig.
1361 2043 1419 2082 11,
1446 2040 1492 2082 B,
1518 2036 1544 2086 f
1548 2036 1611 2087 fi),
1641 2043 1734 2085 quot
1765 2040 1921 2070 exstant

170 2110 281 2151 septa
299 2105 363 2139 vel
391 2098 692 2151 diaphragmata,
719 2104 892 2140 intestini
918 2105 1140 2140 inferiorem
1167 2110 1304 2151 petunt
1329 2107 1528 2153 parietem,
1555 2112 1670 2152 atque
1693 2104 1735 2139 in
1763 2115 1807 2138 eo
1834 2103 1919 2149 ipso

171 2170 457 2206 distribuuntur.
509 2171 587 2207 Alii
612 2172 709 2207 rami
736 2183 757 2206 e
783 2182 876 2207 vase
902 2171 1067 2209 ventrali
1089 2182 1160 2218 per
1184 2172 1293 2218 paria
1316 2173 1611 2219 proficiscuntur,
1639 2171 1761 2205 latera
1786 2178 1921 2205 versus

173 2236 354 2279 tendunt,
391 2243 504 2284 atque
538 2244 618 2274 tum
654 2244 816 2274 tractum
856 2239 1143 2282 intestinortun,
1170 2245 1251 2273 tum
1286 2238 1382 2273 alias
1414 2239 1583 2285 corporis
1613 2243 1741 2284 partes
1774 2241 1921 2284 petunt.

172 2301 308 2337 Tribus
334 2304 469 2339 anticis
494 2305 660 2351 corporis
688 2304 836 2340 annulis
863 2305 1056 2351 exceptis,
1086 2310 1221 2352 utpote
1260 2304 1326 2352 qui
1356 2305 1404 2340 iis
1438 2305 1593 2340 omnino
1626 2309 1920 2354 carentsunus-

175 2369 331 2415 quisque
358 2371 525 2417 corporis
552 2372 710 2407 annulus
735 2383 813 2407 uno
841 2382 971 2406 eorum
996 2373 1081 2417 pari
1106 2373 1309 2407 instructus
1337 2377 1404 2406 est.
1430 2372 1547 2406 Primi
1574 2377 1613 2406 et
1639 2370 1799 2406 secundi·
1816 2368 1921 2416 paris

173 2435 311 2481 singuli
334 2438 443 2481 rami,
471 2439 499 2472 ii
525 2439 649 2484 igitur,
678 2439 740 2486 qui
766 2438 816 2474 ad
842 2444 1015 2486 quartum
1044 2443 1083 2472 et
1105 2439 1277 2485 quintum
1305 2439 1473 2484 corporis
1500 2438 1680 2473 annulum
1712 2437 1917 2484 pertinent,

172 2501 216 2537 in
239 2500 334 2536 duos
361 2501 476 2541 divisi
498 2513 584 2543 sunt
611 2506 797 2550 surculos,
825 2516 980 2553 quorum
1008 2505 1103 2540 alter
1130 2505 1260 2540 annuli
1286 2505 1343 2540 sui
1369 2505 1510 2551 parieti
1533 2505 1700 2542 ventrali
1734 2509 1772 2538 et
1805 2500 1921 2534 alter-
