2150 2904
1045 248 1092 269 ab

192 351 394 382 eotamen
416 343 650 383 discrimine,
686 340 786 387 quod
809 340 1001 375 nonnullis
1031 341 1133 375 fibris
1165 340 1438 377 muscularibus
1465 346 1524 375 est
1556 340 1799 382 instructum,
1836 351 1932 387 quae

188 414 228 447 in
254 418 411 456 utraque
441 408 606 454 corporis
633 408 781 442 laterali
808 414 917 454 parte
950 410 1050 442 inter
1087 408 1195 442 binos
1231 408 1495 443 branchiarum
1530 413 1680 441 truncos
1703 408 1874 442 seriatim
1913 418 1936 441 a

188 485 271 513 cute
301 476 603 523 proficiscuntur,
644 474 907 520 convergendo
942 475 1163 509 intestinum
1197 481 1333 521 petunt
1364 475 1478 522 idque
1511 485 1623 521 quum
1653 474 1935 515 contrahuntur,

188 544 415 590 amplificare
444 548 593 589 queunt.
646 541 802 576 Praeter
828 548 956 588 partes
983 541 1097 575 modo
1126 541 1331 588 descriptas
1355 542 1576 577 intestinum
1596 540 1712 575 etiam
1731 549 1934 574 nervorum

190 616 227 644 et
263 619 439 644 vasorum
476 609 773 654 sanguiferorum
808 608 984 650 ramulis,
1032 611 1197 654 quorum'
1232 620 1369 655 magna
1406 610 1515 656 copia
1548 607 1764 647 invenitur,
1800 605 1935 651 quique

188 686 319 710 omnes
346 675 385 708 in
414 675 592 721 disseptis
618 676 692 710 illis
726 675 848 709 locum
877 675 1038 717 habent,
1076 686 1158 708 cum
1187 680 1269 709 cute
1299 675 1452 721 eiusque
1484 675 1661 710 musculis
1697 672 1937 707 coniunctum

186 748 252 776 est.
304 741 616 787 Diaphragmata,
645 753 800 788 quorum
829 740 943 775 modo
962 742 1196 776 mentionem
1218 741 1303 783 feci,
1332 742 1497 788 corporis
1515 752 1649 777 cavum
1667 741 1706 774 in
1726 739 1938 784 complures

185 807 363 842 dividunt
391 807 501 840 cellas
523 808 586 843 vel
615 819 802 849 cameras,
838 819 932 854 quae
961 813 1090 843 tamen
1116 809 1260 843 nullum
1288 819 1440 854 prorsus
1467 809 1567 843 inter
1593 819 1633 841 se
1666 807 1809 840 habent
1838 814 1939 838 com-

184 874 377 908 mercium.
431 873 557 908 Prima
583 885 709 910 earum
737 875 800 910 vel
829 885 891 915 ea,
928 875 969 908 in
998 886 1072 921 qua
1099 876 1280 921 pharynx
1308 879 1346 908 et
1370 875 1602 909 ventriculus
1628 874 1752 908 locum
1780 870 1938 910 habent,

184 939 350 973 omnium
385 946 442 973 est
473 940 663 985 maxima,
706 940 875 986 reliquae
919 952 1013 976 vero
1055 940 1260 976 admodum
1305 947 1391 975 sunt
1428 947 1607 987 angustae
1646 945 1682 974 et
1715 939 1782 973 illa
1817 935 1937 971 multo

185 1005 350 1039 minores
378 1006 634 1042 inveniuntur.

347 1121 378 1168 ξ.
409 1125 440 1156 7.
467 1122 570 1156 Pone
598 1122 831 1168 pharyngem
861 1121 909 1156 ad
936 1123 1139 1157 ventriculi
1160 1124 1279 1157 latera
1307 1123 1403 1157 duae
1425 1125 1705 1171 conspiciuntur
1721 1131 1937 1171 perparvae

183 1192 223 1221 et
248 1187 367 1231 glauci
396 1186 655 1232 (beryllgmiu)
679 1186 814 1221 coloris
841 1186 1052 1231 glandulae.
1082 1186 1244 1233 Utraque
1275 1195 1427 1222 ovatum
1445 1189 1523 1223 fere
1547 1189 1705 1223 exhibet
1721 1188 1935 1229 utriculum,
1956 1203 1962 1210 ·

185 1252 287 1287 cuius
316 1253 503 1298 parieteS‚
538 1253 570 1286 si
608 1264 673 1286 eos
701 1264 782 1286 cum
812 1252 1013 1296 glandulae
1042 1264 1135 1288 cavo
1165 1264 1380 1299 compares,
1409 1255 1615 1290 admodum
1638 1261 1725 1290 sunt
1757 1252 1870 1287 crassi
1898 1257 1936 1285 et

185 1318 388 1353 multifarie
413 1318 548 1352 inflexi
572 1319 635 1353 vel
663 1319 812 1358 sinuati,
840 1318 895 1350 ita
917 1324 958 1351 ut
987 1319 1109 1352 omnis
1139 1318 1317 1352 utriculus
1345 1319 1621 1356 tuberculosam
1645 1321 1785 1355 habeat
1804 1330 1936 1365 super-

183 1385 304 1419 ficiem
333 1391 443 1430 atque
467 1384 590 1432 primo
619 1384 801 1430 adspectu
828 1395 848 1416 e
878 1384 1067 1417 nonnullis
1103 1385 1242 1419 tubulis
1275 1386 1440 1430 angustis
1476 1392 1513 1420 et
1546 1387 1724 1422 contortis
1762 1391 1933 1419 constare

184 1451 371 1488 videatur.
399 1450 505 1495 (Tab.
532 1451 577 1484 ΙΙ.
601 1450 680 1495 Fig.
710 1454 742 1491 7,
762 1452 803 1496 f.
831 1450 910 1494 Fig.
940 1454 973 1491 S,
1002 1463 1031 1484 c.
1060 1449 1151 1484 Tab.
1178 1450 1240 1483 III.
1269 1449 1348 1495 Fig.
1377 1454 1411 1493 5,
1436 1452 1500 1496 g.).
1530 1451 1663 1487 Altera
1695 1452 1775 1486 eius
1804 1457 1933 1485 extre-

185 1519 295 1553 mitas
322 1519 361 1550 in
390 1516 545 1551 brevem
574 1521 844 1561 angustumque
873 1516 1006 1550 transit
1032 1516 1204 1559 ductum,
1234 1517 1297 1562 qui
1323 1517 1596 1563 aliquantulum
1624 1518 1790 1552 inflexus
1825 1528 1935 1563 supe-

184 1586 322 1619 riorem
349 1583 446 1627 petit
472 1583 674 1617 ventriculi
699 1581 888 1626 parietem
920 1588 958 1614 et
984 1582 1102 1626 magis
1130 1582 1322 1626 magisque
1353 1584 1602 1627 amplificatus
1635 1584 1676 1618 in
1703 1584 1804 1618 illius
1831 1583 1935 1617 linea

184 1650 363 1686 mediana
391 1658 473 1680 cum
502 1647 637 1681 eodem
665 1645 819 1679 alterius
847 1646 1045 1690 glandulae
1070 1646 1182 1681 ductu
1204 1648 1245 1680 in
1267 1658 1503 1682 communem
1528 1657 1688 1692 eumque
1705 1650 1933 1693 perbrevem

186 1716 339 1752 confluit
374 1712 524 1747 ductum
562 1711 826 1747 excretorium.
892 1709 1011 1752 Quem
1047 1712 1245 1757 glandulae
1281 1719 1481 1748 secernunt
1503 1724 1651 1747 succum
1682 1713 1838 1748 fluidum
1876 1720 1935 1750 est

185 1781 308 1819 viride
338 1786 376 1814 et
402 1780 562 1814 tenuius.
616 1779 688 1813 Per
726 1778 856 1813 ductus
885 1778 1110 1820 excretum,
1140 1778 1243 1812 cuius
1271 1777 1385 1812 modo
1413 1779 1649 1813 mentionem
1672 1779 1764 1822 feci,
1795 1781 1932 1816 ostium

185 1851 226 1885 in
260 1849 382 1894 ipsum
424 1846 575 1893 quidem
608 1845 861 1882 ventriculum
897 1843 1117 1886 effunditur,
1160 1845 1352 1891 complura
1393 1851 1523 1879 tamen
1567 1845 1728 1879 dissecui
1757 1844 1933 1882 Nereidis

189 1914 381 1960 exempla,
412 1923 567 1959 quorum
595 1912 828 1959 pharyngein
856 1921 1000 1956 quoque
1030 1922 1157 1945 succus
1184 1911 1248 1946 ille
1275 1912 1461 1957 ingressus
1490 1917 1572 1946 erat
1597 1912 1750 1958 eiusque
1767 1913 1934 1949 tunicam

187 1990 379 2019 mucosam
406 1978 522 2013 viridi
551 1979 674 2012 colore
702 1977 895 2011 infecerat.
948 1976 1081 2011 Procul
1115 1976 1229 2012 dubio
1266 1989 1405 2023 organa
1437 1978 1551 2012 modo
1587 1983 1747 2012 tractata
1781 1977 1933 2024 hepatis

187 2050 289 2085 vices
316 2050 467 2093 gerunt,
494 2044 583 2078 licet
612 2055 689 2079 non
717 2055 799 2078 cum
824 2043 1002 2077 intestino
1041 2042 1108 2077 sed
1134 2043 1261 2089 potius
1289 2054 1371 2078 cum
1399 2045 1608 2079 ventriculo
1635 2044 1800 2079 habeant
1833 2055 1933 2080 com-

189 2113 381 2148 mercium.
408 2111 605 2146 Lectorem
630 2109 928 2145 commonefacio
955 2108 1002 2142 de
1029 2109 1076 2143 iis
1105 2110 1353 2156 complurium
1381 2109 1646 2145 Molluscorum
1674 2117 1712 2146 et
1726 2110 1931 2158 Isopodum

190 2179 375 2224 partibus,
412 2179 543 2224 quibus
578 2176 751 2210 Zootomi
784 2174 931 2221 hepatis
963 2185 1104 2210 nomen
1146 2175 1425 2222 imposuerant,
1452 2187 1633 2223 *quaeque
1677 2177 1811 2212 itidem
1846 2187 1929 2212 cum

188 2245 396 2279 ventriculo
421 2242 685 2279 commercium
719 2240 871 2275 habent.

272 2347 514 2381 Annotatio.
534 2349 571 2380 In
595 2348 734 2381 Nereide
756 2347 898 2380 lobnlata
921 2356 1053 2391 utraque
1074 2348 1225 2389 glandula
1246 2348 1344 2381 multo
1377 2356 1425 2380 est
1453 2348 1580 2391 longior
1600 2355 1630 2380 et
1653 2349 1798 2387 tenuior,
1825 2349 1928 2380 minus

314 2410 418 2435 autem
446 2408 590 2446 sinuata,
612 2417 706 2449 quam
735 2405 818 2437 idem
839 2405 916 2438 Ner.
937 2407 1133 2449 pulsator-iae
1155 2416 1308 2448 organon.
1352 2406 1447 2444 (Tab.
1469 2406 1508 2440 ΙΙ.
1527 2407 1555 2437 F
1556 2407 1600 2447 ig.
1626 2407 1695 2447 10.).
1739 2405 1929 2438 Inter-media

314 2472 432 2501 earum,
457 2473 474 2494 e
493 2464 606 2505 quibus
626 2470 761 2501 constat,
783 2464 1053 2503 membranarum,
1083 2476 1223 2507 quaeque
1254 2465 1464 2498 crassitudine
1490 2465 1630 2507 reliquas
1661 2464 1761 2497 multo
1788 2471 1928 2507 superat,
