2150 2904
1039 223 1086 255 42

956 269 1169 276 *qva-..—

191 335 448 375 coniunctam‚
482 336 524 365 ut
559 340 628 376 per
653 333 782 374 partes
810 327 993 362 facillimo
1021 326 1175 373 negotio
1205 337 1258 362 ex
1285 323 1353 360 illa
1377 324 1548 372 protrahi
1574 326 1704 372 possit.
1756 326 1946 364 Adhibito

191 400 438 446 microscopio
473 395 746 439 animadverti,
773 395 998 430 interiorem
1032 395 1097 431 vel
1128 394 1253 441 ipsam
1285 402 1489 428 nervosam
1518 392 1706 427 medullae
1734 399 1883 441 partem
1923 403 1945 428 e

194 467 338 502 duobus
372 463 567 504 funiculis,
597 463 777 508 proxime
813 462 980 497 invicem
1013 461 1096 496 sitis
1131 465 1170 495 et
1203 459 1338 494 intime
1363 460 1464 494 inter
1491 471 1531 494 se
1559 457 1787 504 coniunctis,
1822 460 1942 494 altero

194 532 345 572 dextro,
373 530 494 564 altero
519 528 673 563 sinistre
701 538 784 562 esse
812 529 1082 574 compositam,
1108 532 1308 573 utrumque
1338 531 1464 561 autem
1487 526 1695 562 funiculum
1724 536 1744 559 e
1777 525 1945 571 complu·

192 598 295 632 ribus
321 596 442 643 iisque
469 595 686 631 tenerrimis
714 599 886 629 constare
908 593 1011 628 fibris
1038 592 1385 639 longitudinalibus.
1437 592 1570 641 Neque
1598 603 1659 626 me
1685 590 1798 637 fugit,
1827 590 1944 626 etiam

192 663 359 698 maiores
380 674 586 700 nervorum
614 673 756 705 eorum,
784 660 848 708 qui
876 672 896 695 e
922 660 1091 695 medulla
1116 658 1281 695 ventrali
1306 659 1604 705 proficiscuntur,
1634 669 1655 692 e
1692 655 1947 703 compluribus

192 728 294 765 fibris
329 729 504 764 nervosis
540 734 579 763 et
610 728 802 763 communi
837 727 978 773 vagina
1012 725 1235 762 constitutos
1272 734 1365 759 esse.
1426 723 1626 768 Quomodo
1668 728 1795 759 autem
1827 722 1948 757 fibrae
1980 771 1989 776 ⁸

192 794 282 829 illae
309 806 393 829 cum
421 795 541 841 ipsius
569 794 759 829 medullae
783 793 886 828 fibris
910 792 1147 836 cohaereant,
1174 792 1315 827 frustra
1338 797 1523 826 scrutatus
1552 802 1646 825 sum.

357 861 402 896 In
429 861 563 907 quovis
590 860 760 906 corporis
788 860 927 894 annulo
949 860 1062 895 rectis
1095 859 1163 894 sub
1200 858 1345 903 angulis
1381 857 1670 908 efflangliorum
1705 860 1840 890 catena
1874 854 1950 889 duo

196 927 440 974 egrediuntur
472 927 584 963 nervi
623 937 780 974 quorum
824 928 920 962 alter
961 926 1206 962 dextrorsum
1252 925 1348 959 alter
1392 924 1651 959 sinistrorsum
1686 923 1726 957 in
1754 921 1949 968 superiore

195 993 353 1040 parietis
386 996 570 1030 ventralis
606 993 704 1029 facie
735 998 838 1027 recta
875 993 942 1029 via
982 992 1030 1027 ad
1062 991 1280 1037 proximam
1316 991 1536 1026 branchiam
1572 989 1707 1024 tendit.
1758 987 1866 1033 (Tab.
1901 976 1973 1022 11.'

195 1059 227 1093 F
231 1059 276 1104 ig.
306 1063 364 1101 13,
387 1073 426 1104 g,
451 1073 490 1104 g,
515 1061 579 1104 g.).
632 1058 754 1102 Usque
782 1058 831 1092 ad
859 1059 1059 1093 branchiae
1088 1065 1259 1092 truncum
1286 1057 1473 1091 indivisus
1497 1056 1663 1097 videtur,
1689 1056 1731 1088 in
1757 1065 1803 1088 ea
1821 1059 1949 1088 autem

195 1126 237 1159 in
264 1126 393 1171 plures
421 1125 630 1158 disfinditur
656 1133 794 1166 ramos,
824 1133 981 1169 quorum
1007 1133 1102 1156 unus
1130 1121 1179 1156 ad
1206 1122 1367 1156 alterum
1391 1121 1538 1155 articuli
1567 1121 1626 1155 sui
1656 1119 1849 1162 ovarium,
1884 1117 1953 1153 alii

197 1190 247 1225 ad
272 1191 396 1236 ipsam
423 1190 656 1231 branchiam,
682 1187 821 1233 reliqui
848 1186 897 1221 ad
924 1186 1092 1232 corporis
1120 1191 1159 1220 et
1187 1185 1408 1220 inferiorem
1437 1191 1476 1220 et
1500 1186 1734 1232 superiorem
1761 1184 1952 1231 parietem

198 1256 403 1303 pertinent.
430 1254 531 1290 Ante
560 1266 636 1296 eos,
666 1264 758 1300 quos
786 1253 901 1287 modo
930 1252 1112 1298 descripsi
1134 1263 1286 1294 nervos,
1311 1253 1352 1287 in
1379 1253 1545 1289 secundo
1575 1259 1614 1287 et
1639 1252 1755 1288 tertio
1781 1250 1953 1297 corporis

199 1323 338 1357 annulo
367 1322 463 1363 duo,
487 1321 527 1354 in
553 1317 708 1366 reliquis
737 1324 882 1360 autem,
909 1318 1053 1351 ultimis
1079 1318 1144 1352 vel
1172 1318 1339 1352 minimis
1366 1319 1558 1365 exceptis,
1595 1324 1754 1365 quatuor
1790 1317 1856 1351 alii
1883 1314 1954 1351 sed

199 1388 319 1422 multo
347 1386 539 1421 tenuiores
566 1395 636 1430 per
661 1384 769 1432 paria
796 1396 816 1418 e
844 1383 1075 1429 gangliorum
1105 1389 1239 1418 catena
1264 1384 1472 1430 prodeunt,
1499 1383 1569 1419 sed
1594 1383 1705 1419 brevi
1731 1382 1891 1418 decursu
1911 1382 1954 1417 in

199 1455 366 1500 corporis
389 1453 536 1500 pariete
557 1451 725 1487 ventrali
753 1456 996 1486 evanescunt.
1021 1449 1131 1494 (Tab.
1152 1449 1199 1484 11.
1226 1450 1304 1495 Fig.
1333 1453 1391 1493 13,
1410 1452 1453 1498 s,
1465 1452 1507 1498 f,
1524 1447 1586 1496 f).
1607 1448 1639 1483 E
1658 1449 1781 1495 primo
1797 1443 1956 1491 autem,

200 1531 320 1566 eoque
349 1519 518 1553 omnium
545 1517 718 1552 maximo
742 1516 933 1551 medullae
959 1516 1144 1552 ventralis
1171 1516 1318 1562 ganglio
1347 1522 1435 1551 ante
1462 1527 1603 1552 nervos
1620 1515 1858 1551 branchiales
1876 1514 1952 1548 duo

198 1586 319 1621 multo
352 1585 517 1620 maiores
552 1585 839 1630 proficiscuntur
872 1581 1003 1624 nervi,
1049 1591 1205 1627 quorum
1245 1588 1403 1627 uterque
1449 1582 1644 1617 exteriora
1686 1587 1724 1616 et
1761 1581 1953 1616 anteriora

199 1661 333 1686 versus
359 1649 495 1690 tendit,
522 1655 636 1695 atque
663 1649 705 1682 in
732 1647 868 1693 capitis
897 1646 1037 1680 annulo
1065 1645 1294 1681 dissolvitur.
1323 1645 1432 1692 (Tab.
1457 1645 1503 1680 ΙΙ.
1530 1645 1609 1691 Fig.
1639 1649 1696 1689 13,
1723 1647 1786 1690 Ιι.).

365 1714 502 1750 Antica
534 1713 724 1749 medullae
759 1711 943 1749 ventralis
986 1722 1075 1757 pars
1115 1710 1217 1745 inter
1254 1712 1462 1747 secundum
1495 1713 1675 1746 annulum
1708 1712 1878 1759 corporis
1913 1719 1953 1749 et

200 1783 430 1818 anteriorem
464 1787 612 1828 partem
649 1779 783 1826 capitis
809 1779 850 1813 in
880 1782 1040 1824 quatuor
1067 1776 1228 1813 discedit
1251 1789 1397 1821 ramos,
1438 1778 1500 1825 qui
1540 1790 1610 1825 per
1632 1779 1743 1825 paria
1789 1778 1954 1814 anticam

200 1856 352 1897 partem
377 1847 581 1896 pharyngis
608 1847 903 1893 amplectuntur,
931 1850 1042 1891 atque
1070 1849 1149 1878 tum
1178 1845 1295 1881 variis
1321 1845 1492 1891 partibus
1519 1844 1674 1890 capitis,
1709 1850 1790 1879 tum
1818 1844 1955 1879 tractui

201 1916 470 1951 intestinorum
491 1919 578 1949 sunt
606 1912 796 1948 destinati.
821 1912 908 1947 Duo
934 1922 1063 1946 eorum
1088 1910 1196 1956 (Tab.
1222 1910 1267 1945 ΙΙ.
1294 1911 1374 1957 Fig.
1398 1913 1454 1953 13,
1486 1910 1536 1956 d.)
1565 1910 1799 1957 divergendo
1819 1909 1954 1956 capitis

200 1987 340 2029 petunt
367 1982 500 2023 cirros,
530 1991 699 2026 quorum,
727 1985 769 2014 ut
794 1989 907 2025 supra
935 1975 982 2024 (ξ.
1010 1977 1057 2021 1.)
1088 1977 1168 2011 iam
1193 1978 1377 2023 exposui,
1414 1977 1454 2012 in
1479 1983 1637 2023 utroque
1671 1975 1803 2022 capitis
1833 1976 1954 2009 latere

203 2047 278 2083 duo
304 2047 583 2093 conspiciuntur
610 2045 728 2092 paria.
754 2044 956 2091 Utriusque
984 2048 1160 2079 extrema
1186 2043 1251 2079 vel
1279 2054 1325 2077 ea
1351 2054 1452 2090 pars,
1480 2054 1576 2090 quae
1603 2041 1661 2077 sui
1687 2042 1818 2077 lateris
1838 2041 1955 2076 cirros

203 2113 397 2159 contingit,
422 2123 653 2162 perparvum
678 2111 838 2146 exhibet
864 2116 1052 2146 tumorem
1079 2110 1143 2146 vel
1170 2109 1358 2155 ganglion,
1381 2109 1462 2156 ipse
1492 2115 1617 2145 tumor
1637 2113 1764 2144 autem
1780 2109 1820 2144 in
1839 2109 1954 2144 cirro-

204 2190 288 2214 rum
311 2190 420 2214 usum
449 2186 609 2226 quatuor
641 2177 885 2214 tenuissimos
911 2175 1092 2219 'demittit
1123 2177 1301 2212 surculos.
1359 2175 1524 2212 Alterius
1557 2175 1660 2222 paris
1687 2177 1786 2211 rami
1818 2174 1953 2209 eadem

206 2255 281 2290 qua
311 2246 369 2280 illi
393 2245 554 2280 tendunt
586 2247 672 2289 via,
703 2256 767 2280 eos
796 2249 836 2278 et
862 2243 1032 2278 crassitie
1060 2248 1099 2278 et
1132 2243 1368 2290 longitudine
1403 2242 1677 2288 aliquantulum
1711 2241 1953 2284 antecellunt,

205 2314 318 2355 atque
344 2311 386 2346 in
411 2311 641 2346 anteriorem
667 2316 817 2358 partem
844 2309 990 2345 cerebri
1022 2315 1230 2346 transeunt.
1262 2309 1370 2355 (Tab.
1397 2309 1441 2344 Π.
1467 2308 1548 2354 Fig.
1575 2310 1633 2350 13,
1662 2305 1718 2352 c.).
1753 2306 1797 2341 Iu
1822 2305 1952 2341 media

205 2373 285 2409 fere
308 2376 374 2411 via
398 2383 553 2423 uterque
581 2377 629 2412 ad
656 2378 910 2425 phmyngem,
946 2382 985 2412 et
1009 2377 1162 2425 quidem
1185 2376 1234 2413 ad
1260 2376 1417 2411 alteram
1444 2375 1644 2410 lateralem
1682 2373 1762 2408 eius
1790 2378 1952 2420 partem,

206 2438 309 2477 haud
333 2442 389 2477 ita
416 2448 567 2479 tenuem
594 2444 763 2480 demittit
787 2444 976 2481 ramulum
1003 2444 1098 2493 (Fig.
1128 2446 1186 2488 13,
1209 2441 1268 2488 e.)‚
1296 2443 1359 2490 qui
1385 2449 1516 2479 tamen
1542 2439 1650 2478 brevi
1674 2440 1836 2476 decursu
1850 2439 1951 2478 inter
