2150 2904
1031 238 1079 269 20

354 348 575 395 Magnitudo
601 346 815 381 adultarum
841 342 1071 378 feminarum
1093 337 1300 374 admodum
1324 339 1460 375 variat.
1513 335 1604 372 Vidi
1631 337 1734 372 enim
1755 338 1819 374 vel
1845 338 1947 374 inter

192 431 268 463 eas,
298 430 392 466 quae
422 425 495 450 ova
517 419 629 460 partu
652 412 731 446 iam
758 410 970 453 ediderant,
998 407 1219 450 nonnullas,
1248 417 1343 453 quae
1371 406 1532 441 aliarum
1570 403 1769 438 dimidiam
1802 404 1946 450 magni-

191 485 363 520 tudinem
390 487 537 515 tantum
571 484 764 514 assecutae
801 483 919 513 erant.
972 476 1151 510 Minimas
1180 474 1247 508 has
1274 473 1436 509 feminas
1464 485 1484 507 e
1512 472 1743 507 Palaemone
1772 471 1946 516 elegante

191 549 462 597 produxeram.
488 546 604 581 Varia
631 557 764 580 earum
790 543 1010 590 magnitudo
1039 548 1167 577 autem
1192 551 1215 575 a
1236 539 1497 586 magnitudine
1520 536 1761 573 Palaemonis
1786 534 1941 581 pendet,

193 615 295 650 cuius
326 614 530 650 cavitatem
565 612 825 648 branchialem
858 611 1029 658 Bopyrus
1062 608 1212 653 *femina
1250 608 1324 642 sibi
1365 606 1581 641 habitaculo
1627 604 1804 648 elegerat.
1864 599 1947 643 Quo

192 681 318 716 minor
345 680 411 714 ille
441 686 510 722 est,
539 691 584 714 eo
611 679 736 714 minor
767 679 863 714 haec
897 689 1043 725 quoque
1069 674 1281 716 invenitur,
1323 679 1361 708 et
1387 674 1472 709 vice
1505 682 1629 709 versa.
1686 667 1790 711 Quae
1813 666 1948 702 relatio

195 747 334 794 partim
360 746 430 780 hac
458 756 511 780 ex
537 757 649 780 causa
679 745 865 793 proficisci
899 743 992 779 mihi
1014 742 1187 784 videtur,
1216 740 1337 788 quod,
1373 751 1445 787 quo
1483 739 1608 773 minor
1641 740 1699 770 est
1732 733 1952 775 Palaemon,

196 824 309 860 quem
331 812 504 858 Bopyrus
531 811 675 846 femina
700 811 869 857 ingressa
897 817 989 853 erat,
1017 822 1062 844 eo
1088 809 1275 843 minorem
1303 806 1529 841 nutrimenti
1557 804 1707 850 copiam
1732 800 1819 835 huic
1845 809 1954 846 prae-

195 879 286 914 bere
311 879 442 926 possit,
469 879 610 924 partim
637 889 729 914 vero
758 883 795 912 et
821 878 992 912 maxime
1019 876 1130 919 inde,
1162 875 1262 922 quod
1293 886 1365 921 quo
1391 873 1516 907 minor
1542 871 1605 905 ille
1634 873 1710 910 est,
1748 878 1793 900 eo
1831 865 1953 899 maius

196 944 517 991 impedimentum
545 944 771 979 branchialis
799 945 878 979 eius
907 944 1062 985 cavitas,
1090 954 1201 988 quam
1230 941 1402 987 Bopyrus
1426 938 1589 981 femina,
1614 946 1727 982 quum
1755 930 1950 972 adolescit,

196 1012 317 1056 magis
343 1011 535 1056 magisque
563 1012 714 1057 explet,
748 1011 834 1045 huic
869 1015 1058 1056 opponat,
1091 1009 1290 1055 quominus
1315 1006 1562 1052 grandescere
1597 1004 1727 1050 possit.
1789 998 1953 1033 Marium

197 1076 417 1120 magnitudo
442 1077 577 1110 itidem
605 1077 758 1122 quidem
787 1077 923 1115 variat,
952 1077 1072 1108 multo
1099 1075 1224 1106 minus
1252 1080 1402 1111 tamen,
1437 1083 1550 1115 quam
1577 1069 1817 1121 feminarum.
1872 1062 1953 1104 Quo

198 1141 322 1174 minor
348 1147 474 1175 autem
499 1142 643 1175 femina
671 1147 740 1181 est,
764 1152 810 1173 eo
837 1139 963 1172 minor
989 1147 1071 1170 mas
1099 1145 1267 1181 quoque,
1294 1143 1406 1179 quenl
1434 1133 1628 1167 allexerat
1656 1132 1804 1179 sibique
1831 1130 1954 1165 conci-

198 1204 373 1248 liaverat,
400 1206 567 1242 inveniri
590 1205 699 1238 solet.

365 1270 396 1318 ξ.
427 1276 482 1307 13.
510 1272 650 1306 Omnes
678 1270 820 1315 Bopyri
857 1269 1064 1305 tenerrima
1101 1273 1227 1303 aetate
1263 1265 1319 1299 ita
1345 1271 1433 1300 sunt
1465 1266 1708 1309 conformati,
1744 1272 1787 1302 ut
1824 1275 1955 1301 eorum

202 1349 335 1384 corpus
362 1338 585 1383 symmetria
609 1347 721 1384 quam
749 1337 924 1370 maxima
951 1336 1000 1370 sit
1011 1334 1238 1382 praeditum.
1293 1331 1443 1366 Sensim
1470 1343 1563 1368 vero
1586 1333 1755 1367 feminea
1774 1331 1957 1378 exempla

201 1402 256 1437 ita
278 1409 490 1446 mutantur,
525 1409 566 1438 ut
597 1403 838 1450 provectiore
872 1407 997 1436 aetate
1023 1403 1065 1436 in
1090 1400 1174 1435 aliis
1203 1398 1403 1440 dextrum,
1436 1398 1477 1432 in
1512 1399 1596 1433 aliis
1633 1400 1828 1433 sinistrum
1858 1398 1957 1432 latus

203 1469 323 1503 altero
351 1471 470 1504 multo
496 1470 643 1515 longius
669 1469 893 1515 reperiatur.
947 1467 1054 1509 Quae
1084 1465 1301 1500 differentia
1337 1464 1427 1498 inde
1455 1466 1619 1510 pendet,
1653 1472 1779 1501 utrum
1813 1464 1957 1500 femina

200 1535 242 1569 in
269 1535 427 1578 dextro,
463 1546 511 1569 an
545 1536 586 1569 in
622 1537 774 1570 sinistro
802 1533 1045 1568 Palaemonis
1080 1543 1174 1568 cavo
1211 1529 1418 1565 branchiali
1454 1530 1610 1566 habitet.
1664 1532 1756 1567 Sine
1783 1531 1861 1565 ulla
1891 1541 1959 1565 ex-

202 1602 377 1646 ceptione
409 1600 511 1633 enim
534 1600 576 1632 id
603 1601 700 1632 latus
729 1599 849 1632 altero
878 1597 1030 1633 brevius
1067 1596 1312 1638 observatur,
1349 1596 1450 1642 quod
1475 1597 1718 1631 Palaemonis
1754 1597 1865 1632 dorso
1894 1596 1961 1632 ad-

202 1676 357 1699 versum
393 1670 461 1708 est,
495 1676 601 1710 erg0‚
638 1676 750 1711 quum
787 1663 970 1699 crustacei
1004 1663 1125 1697 nostri
1164 1667 1277 1708 caput
1317 1673 1469 1707 semper
1506 1662 1745 1697 Palaemonis
1786 1662 1958 1706 caudam,

205 1729 286 1764 eius
312 1736 448 1765 venter
476 1736 603 1765 autem
629 1730 739 1766 huius
767 1730 985 1777 operculum
1012 1728 1231 1764 branchiale
1259 1733 1416 1774 spectet,
1445 1727 1624 1763 dextrum
1652 1729 1763 1771 latus,
1791 1729 1822 1763 si
1850 1740 1960 1776 para--

203 1794 296 1829 situs
326 1796 366 1830 in
393 1797 632 1831 Palaemonis
661 1798 832 1839 sinistra,
869 1797 1061 1831 sinistrum
1090 1806 1206 1838 vero,
1239 1795 1270 1829 si
1304 1795 1344 1829 in
1371 1795 1451 1829 eius
1486 1794 1625 1829 dextra
1652 1796 1815 1830 cavitate
1844 1796 1958 1831 bran-

205 1860 316 1895 chiali
342 1863 506 1897 inclusus
534 1869 600 1897 est.
638 1862 761 1905 Quum
788 1875 881 1899 vero
909 1862 1011 1897 illius
1039 1861 1213 1897 cavitatis
1240 1873 1367 1909 neque
1395 1860 1570 1902 altitudo,
1597 1872 1721 1907 neque
1749 1863 1956 1909 longitude,

204 1926 274 1960 sed
300 1928 539 1963 solummodo
569 1930 648 1965 eius
676 1930 849 1972 latitudo,
878 1941 900 1964 a
925 1929 1095 1976 parasito
1125 1934 1266 1971 nostro,
1295 1928 1384 1963 dum
1413 1928 1565 1970 erescit,
1589 1928 1831 1971 immutetur,
1865 1929 1955 1964 inde

202 1994 380 2039 sequitur,
407 1996 698 2039 asymmetriae,
728 2008 839 2043 quam
862 1997 1033 2042 Bopyrus
1070 1995 1214 2030 femina
1241 1995 1474 2041 adipiseitur,
1502 2004 1651 2029 causam
1668 1994 1906 2030 solummodo
1935 2007 1955 2030 e

203 2057 327 2092 forma
351 2062 571 2106 perangusti
606 2061 805 2104 domicilii,
835 2063 934 2108 quod
960 2061 1201 2097 Palaemonis
1239 2062 1423 2097 cavitates
1456 2060 1692 2097 branchiales
1730 2061 1955 2097 animalcula

205 2130 334 2158 nostro
361 2127 541 2171 offerunt,
576 2128 749 2175 qnodque
791 2128 838 2163 ab
870 2139 914 2162 eo
950 2129 1069 2174 magis
1104 2128 1296 2174 magisque
1323 2128 1518 2175 impletur,
1554 2126 1816 2162 deducendam
1854 2139 1947 2163 esse.

205 2188 353 2225 Revera
385 2191 557 2238 Bopyrus
592 2193 779 2228 femineus
818 2194 987 2237 formae,
1017 2207 1112 2242 quae
1139 2196 1215 2242 ipsi
1241 2195 1483 2230 Palaemonis
1515 2203 1607 2229 cavo
1635 2192 1842 2228 branchiali
1867 2204 1955 2239 pro-

207 2255 290 2298 pria
315 2264 382 2301 cst,
409 2258 594 2304 integram
620 2266 884 2305 repraesentat
909 2262 1127 2307 imaginem.

373 2321 403 2367 ξ.
434 2328 488 2359 14.
524 2324 831 2361 Tener-rimorum
859 2327 1096 2373 Bopyrorum
1125 2336 1204 2365 tam
1239 2328 1510 2370 femineorum,
1545 2333 1623 2362 tam
1661 2326 1954 2362 masculinorum

207 2389 357 2419 truncus
382 2398 458 2422 non
485 2392 604 2426 solnm
634 2393 753 2428 cauda
777 2394 850 2429 vix
875 2394 1022 2440 longior
1050 2401 1088 2430 et
1120 2396 1233 2431 latior
1260 2400 1334 2437 est,
1366 2405 1501 2429 verum
1538 2393 1654 2427 etiam
1684 2398 1842 2440 quatuor
1871 2398 1954 2428 tan-

206 2455 283 2486 tum
311 2452 450 2497 pedum
488 2458 641 2502 paribus
676 2460 886 2496 instructus.
941 2461 1082 2497 Omnes
1116 2461 1234 2509 pedes
1267 2465 1394 2496 autem
1426 2459 1608 2505 unguibus
1643 2466 1731 2494 sunt
1769 2459 1951 2507 praediti,
