2150 2904
1075 250 1121 283 10

228 368 427 393 numerum
452 359 652 400 exhibeat,
687 357 784 392 hanc
811 357 859 392 ob
894 367 1043 393 causam
1079 363 1208 392 autem
1236 356 1268 391 si
1295 356 1419 392 obiter
1445 368 1533 393 eum
1555 358 1754 406 inspicias,
1791 360 1975 409 quodam·

229 424 345 459 modo
372 437 562 460 racemum
579 425 723 460 referre
745 424 934 461 videatur.
955 425 999 460 In
1026 425 1106 460 eius
1133 437 1226 462 cavo
1249 425 1406 472 spissius
1433 432 1473 461 et
1496 426 1587 464 flavi
1605 428 1742 463 coloris
1760 427 1974 474 (goldgelb)

227 491 414 537 reperitur
440 492 609 536 fluidum,
636 492 736 539 quod
761 503 839 527 non
862 493 983 527 solum
1010 504 1078 539 per
1105 493 1223 540 ipsius
1247 492 1404 528 folliculi
1431 495 1611 538 tunicam,
1638 507 1731 531 vero
1760 496 1876 530 etiam
1898 507 1969 542 per

227 557 443 593 animalculi
468 566 645 595 ventrem
672 561 888 595 translucet.
923 559 1066 607 Spiritu
1091 560 1173 596 vini
1199 561 1255 595 ita
1281 561 1509 606 coagulatur,
1536 567 1579 596 ut
1604 573 1781 608 magnam
1809 561 1858 597 ad
1884 573 1971 609 par-

226 628 305 656 tem
331 625 584 662 substantiam
614 627 797 662 exhibeat
824 627 981 663 densam
1012 634 1049 662 et
1069 628 1272 670 friabilem,
1303 637 1399 674 quae
1427 628 1458 661 si
1475 629 1592 664 oculis
1612 629 1799 664 confidere
1814 629 1971 676 possim,

224 691 423 735 materiei,
458 705 570 740 quam
608 695 790 729 Germani
817 695 1033 730 Fettwaclaes
1060 696 1274 742 appellant,
1309 694 1411 730 haud
1441 695 1628 730 absimilis
1653 695 1825 731 videtur:
1857 694 1971 742 adipe

222 756 346 791 soluto
374 765 503 794 autem
532 761 690 797 fluidum
717 762 811 797 illud
838 764 952 809 plane
981 774 1107 797 carere
1132 762 1297 798 videtur.
1351 761 1495 808 Singuli
1523 762 1681 798 folliculi
1716 762 1864 798 variam
1891 761 1974 809 qui-

222 819 311 857 dem
345 824 488 862 habent
522 829 844 875 magnitudinem,
883 841 1015 864 omnes
1047 835 1197 872 tamen,
1230 830 1261 865 si
1297 840 1381 865 cum
1408 829 1562 875 reliquis
1590 830 1759 876 corporis
1786 830 1972 876 partibus,

221 886 398 933 inPrimis
429 903 523 929 vero
547 907 631 929 cum
658 896 926 932 intestinorum
959 903 1084 932 tractu
1111 903 1395 944 comparentur,
1432 897 1631 943 permagni
1655 895 1837 932 videntur
1862 897 1972 932 volu-

222 954 356 991 minis:
389 961 552 995 maximi
580 974 710 997 60111111
737 964 794 998 illi
822 970 920 1015 sunt,
949 964 1011 1011 qui
1035 976 1119 1000 611111
1154 964 1328 999 intestini
1350 970 1459 1011 parte
1488 964 1617 999 media
1645 964 1859 1000 cohaerent.
1912 962 1972 998 Si-

222 1020 324 1056 milis
350 1024 397 1060 iis
422 1028 610 1064 folliculus
636 1042 736 1077 pone
764 1032 1017 1067 ventriculum
1049 1043 1133 1067 cum
1163 1032 1360 1078 superiore
1412 1031 1585 1066 intestini
1608 1033 1757 1079 pariete
1782 1031 1972 1073 cohaeret,

223 1093 261 1120 et
286 1088 382 1125 hanc
401 1094 449 1127 ob
475 1097 779 1130 coniunctionem
799 1096 1087 1131 Crustaceorum
1107 1097 1345 1141 decapodum
1365 1096 1484 1138 hepar
1498 1104 1789 1141 repraesentare
1808 1097 1974 1132 videtur.

220 1151 358 1190 Fusius
386 1159 434 1192 de
464 1161 545 1193 eius
573 1167 612 1193 et
640 1162 782 1193 fabrica
809 1167 847 1193 et
877 1161 952 1194 situ
977 1160 1018 1193 in
1044 1158 1076 1205 ξ.
1105 1163 1126 1194 6
1156 1170 1264 1204 agan]
1297 1157 1407 1202 (Tab.
1432 1157 1459 1190 I.
1485 1157 1566 1203 Fig.
1595 1162 1629 1201 S,
1659 1159 1710 1205 d).

388 1223 536 1269 Organa
563 1225 678 1260 modo
708 1224 897 1271 descripta
925 1225 973 1260 ad
1001 1226 1176 1269 formam,
1203 1224 1509 1259 coniunctionem
1534 1230 1572 1259 et
1599 1227 1769 1261 contenti
1794 1233 1971 1264 naturam

221 1288 392 1323 maxime
421 1302 503 1324 611111
531 1292 578 1325 iis
595 1291 846 1337 Scorpionum
874 1291 1090 1327 adultorum
1119 1291 1292 1338 partibus
1319 1291 1571 1333 conveniunt,
1601 1303 1692 1338 quas
1718 1292 1868 1339 hepatis
1887 1294 1972 1329 fun-

222 1354 387 1390 ctionem
408 1367 589 1392 exercere
606 1357 752 1392 dicunt:
780 1369 869 1392 nam
898 1359 945 1393 ab
972 1359 1048 1393 illis
1076 1371 1121 1393 eo
1141 1364 1290 1393 tantuin
1309 1357 1539 1403 discrepant,
1569 1359 1670 1405 quod
1685 1360 1823 1394 minori
1843 1360 1974 1399 tuber,-

222 1421 391 1457 eulorum
418 1435 576 1460 numero
606 1432 693 1460 sunt
718 1426 912 1469 instructi,
942 1424 1118 1472 quodque
1144 1424 1238 1459 11366
1261 1425 1345 1470 ipsa
1370 1424 1566 1458 tubercula
1593 1432 1632 1460 et
1656 1426 1758 1461 inter
1784 1437 1824 1460 se
1848 1427 1974 1462 minus

221 1493 310 1521 sunt
345 1490 515 1525 seiuncta
549 1498 587 1526 et
614 1493 838 1538 pedunculis
862 1493 1013 1533 talibus,
1042 1491 1216 1537 qualibus
1242 1490 1392 1535 hepatis
1419 1491 1497 1524 lobi
1523 1492 1563 1526 in
1587 1491 1727 1527 adultis
1756 1493 1974 1539 Scorpioni-

221 1552 290 1587 bus
314 1557 482 1600 praediti
509 1569 591 1593 esse
618 1560 762 1600 solent,
789 1559 903 1604 plane
934 1564 1072 1592 carent.
1126 1556 1252 1590 Minus
1281 1556 1398 1590 etiam
1425 1557 1472 1590 ab
1500 1557 1692 1592 iuniorum
1720 1559 1971 1605 Scorpionum

217 1619 357 1665 hepate
389 1621 620 1669 discrepant3
655 1623 816 1657 eandem
844 1629 972 1658 autem
1000 1621 1144 1656 habent
1171 1620 1374 1663 fabricam,
1411 1632 1525 1667 (1113111
1557 1622 1715 1657 visceris
1746 1624 1857 1659 huius
1891 1625 1969 1660 lobi

219 1686 259 1720 in
285 1688 554 1723 maturioribus
581 1689 800 1736 Scorpionis
825 1690 1003 1736 embryis.
1059 1687 1164 1730 Quae
1194 1698 1308 1733 quum
1335 1687 1390 1721 ita
1418 1688 1505 1729 sint,
1533 1686 1698 1723 dubitari
1723 1701 1800 1725 non
1826 1698 1968 1738 potest,

220 1753 310 1799 quin
341 1754 388 1789 iis
414 1754 556 1800 Bopyri
580 1757 771 1801 partibus,
809 1756 856 1791 de
887 1757 1020 1803 quibus
1047 1754 1163 1789 modo
1191 1754 1338 1789 locutus
1362 1765 1466 1797 siun,
1497 1753 1633 1788 eadem
1668 1756 1890 1801 significatio
1920 1759 1970 1795 sit

218 1819 473 1865 attribuenda,
500 1827 613 1868 atque
641 1824 789 1869 organis
821 1824 897 1858 illis
925 1822 1200 1869 Scorpionum,
1231 1831 1327 1867 quae
1352 1820 1572 1866 Physiologi
1606 1824 1779 1859 nonnulli
1804 1836 1875 1872 pro
1902 1824 1968 1860 he-

218 1892 308 1931 pate
332 1886 544 1923 habuerint.

381 1953 585 2002 Descripta
617 1958 693 1992 iam
730 1957 881 2004 hepatis
916 1957 1059 1992 fabrica
1091 1956 1193 1992 haud
1231 1955 1420 2001 superflua
1449 1955 1543 1990 mihi
1577 1957 1731 1993 videtur
1759 1969 1896 2004 opera,
1926 1965 1969 1994 ut

217 2018 445 2068 disquiram,
487 2034 599 2069 quam
645 2024 694 2058 ad
740 2026 855 2059 finem
900 2035 1069 2070 organon
1108 2022 1203 2059 illud
1243 2022 1283 2056 in
1315 2022 1543 2057 animaleulo
1580 2029 1712 2058 nostro
1752 2030 1882 2060 tantae
1918 2026 1968 2061 sit

218 2088 507 2132 magnitudinis,
546 2096 708 2136 quantae
732 2092 771 2125 in
795 2092 898 2126 nullo
927 2092 1002 2126 alio
1030 2090 1111 2125 sere
1140 2095 1343 2124 crustaceo.

382 2155 489 2189 Inter
516 2167 648 2192 omncs
679 2157 924 2204 physiologos
950 2159 1027 2193 iam
1054 2157 1196 2192 dudum
1226 2161 1392 2198 constat,
1428 2154 1577 2202 hepatis
1604 2159 1814 2198 secretum,
1847 2154 1966 2191 bilem

220 2218 322 2263 dico,
347 2223 510 2257 maximi
538 2224 723 2258 momenti
759 2236 840 2259 esse
869 2225 917 2260 ad
945 2225 1213 2260 alimentorum
1242 2223 1492 2268 digestionem
1523 2221 1796 2267 perficiendam
1833 2226 1872 2255 et
1898 2221 1965 2256 ab·

219 2286 453 2323 solvendam.
505 2290 637 2336 Itaque
664 2291 757 2325 nihil
784 2303 867 2326 cum
892 2303 1019 2327 rerum
1054 2298 1190 2327 natura
1220 2291 1340 2336 magis
1377 2289 1590 2323 consentire
1617 2287 1812 2330 videatur,
1848 2298 1962 2335 quam

219 2363 266 2387 ea
292 2356 493 2395 sententia,
519 2357 662 2403 Bopyri
694 2359 814 2392 nostri
840 2359 1115 2394 nutrimentum
1144 2357 1349 2394 admodum
1379 2356 1532 2390 difficile
1561 2366 1643 2389 esse
1659 2353 1819 2399 digestu,
1846 2354 1962 2402 idque

219 2429 303 2452 eam
331 2419 379 2454 ad
404 2421 530 2463 finem,
556 2430 597 2457 ut
623 2424 825 2469 digeratur,
851 2427 1041 2472 insignem
1068 2425 1155 2460 bilis
1183 2424 1331 2470 copiam
1363 2423 1566 2469 requirere.
1625 2420 1855 2466 Diligentius
1895 2431 1962 2457 au·

217 2490 295 2520 tem
322 2487 353 2521 si
377 2498 458 2523 rem
485 2489 746 2536 perpenderis,
772 2493 959 2537 invenies,
982 2492 1213 2529 sententiam
1238 2490 1345 2526 illam
1373 2489 1537 2526 obtineri
1558 2499 1636 2524 non
1648 2499 1773 2536 posse.
1800 2487 1959 2524 Etenim
