2150 2904
1048 239 1097 269 22

203 362 279 387 non
311 354 437 384 tantae
470 352 525 381 est
559 343 842 391 amplitudini&
878 350 919 379 ut
955 343 1119 378 adultior
1150 343 1320 389 Bopyrus
1355 342 1516 384 femina,
1560 344 1592 377 si
1634 354 1718 378 eam
1761 344 1842 380 sive
1877 356 1946 391 per

204 419 361 458 ostium,
397 415 498 449 cuius
526 411 639 446 modo
677 412 912 447 mentionem
945 410 1038 453 feci,
1071 410 1152 446 sive
1177 421 1247 456 per
1275 410 1448 446 cavitatis
1484 409 1583 443 illius
1620 410 1756 444 ostium
1791 410 1947 446 inferius

202 486 368 530 ingressa
395 485 505 521 esset,
532 479 585 512 ita
608 479 647 514 in
676 491 721 513 ea
744 490 783 513 se
808 485 1029 515 convertere
1059 477 1194 524 possit,
1228 483 1269 512 ut
1296 477 1419 523 capite
1454 475 1579 510 locum
1614 486 1728 522 supra
1762 488 1948 514 memora-

204 559 282 586 tum
309 549 522 592 attingeret.
574 546 712 581 Iisdem
742 557 795 581 ex
824 545 956 587 causis,
985 556 1075 591 quas
1101 544 1215 580 modo
1242 544 1396 591 protuli,
1420 543 1511 578 haec
1533 554 1678 589 quoque
1697 548 1829 588 patere
1854 544 1948 579 mihi

203 615 373 657 videtur,
404 613 596 659 Bopyrum
629 612 858 655 femineum,
892 611 924 646 si
964 611 1060 647 sorte
1096 612 1335 659 provectiore
1381 615 1506 644 aetate
1539 609 1780 643 Palaemonis
1815 620 1948 646 cavum

203 681 417 717 branchiale
446 680 538 716 viva
562 680 789 726 reliquisset,
815 690 892 714 non
918 679 1079 725 amplius
1110 679 1184 713 nisi
1211 677 1319 714 brevi
1346 682 1517 722 tempore
1543 675 1624 711 viia
1650 674 1723 709 frui
1750 686 1874 722 posse.

368 747 451 782 Mas
482 752 613 780 contra
646 757 779 793 corpus
815 745 931 780 habet
965 752 1024 780 sat
1064 746 1212 791 gracile,
1246 750 1284 779 et
1321 742 1482 790 pedibus
1509 747 1568 776 sat
1595 742 1715 787 longis
1747 742 1949 779 instructus

203 820 271 857 est,
300 819 341 847 ut
369 813 608 859 provectiore
639 823 785 858 queque
813 819 939 847 aetate
963 813 1108 859 pariter
1136 819 1246 858 atque
1274 812 1349 846 alia
1369 808 1534 855 Isopoda
1562 814 1599 857 et
1627 813 1759 842 natare
1789 814 1827 842 et
1847 809 1950 844 ince-

204 879 294 913 dere
322 879 452 925 possit.
506 879 631 914 Etiam
669 886 793 914 aetate
826 880 893 914 illa
925 891 1048 926 neque
1076 880 1191 914 oculis
1219 883 1339 920 caret,
1372 887 1493 922 neque
1520 881 1649 910 tantae
1678 881 1735 909 est
1762 876 1948 921 magnitu-

202 945 312 988 dinis,
343 937 538 980 ut'dedita
566 957 682 992 opera
708 946 948 981 Palaemonis
976 957 1111 983 cavum
1138 945 1331 991 pectorale
1359 954 1436 978 non
1461 941 1601 976 intrare
1641 946 1679 975 et
1706 941 1754 976 nd
1781 941 1948 976 feminae

200 1011 397 1046 branchias
432 1023 509 1046 non
536 1023 713 1059 arrepere
747 1013 877 1059 possit.
930 1012 1183 1048 Nihilominus
1208 1012 1392 1046 coniicere
1422 1008 1561 1052 velim,
1595 1019 1642 1042 ne
1673 1020 1758 1043 eum
1795 1008 1948 1055 quidem

201 1077 274 1111 nisi
302 1084 435 1112 tenera
461 1083 585 1111 aetate
613 1077 854 1111 Palaemonis
882 1089 1018 1111 cavum
1044 1078 1260 1109 branchiale
1289 1075 1446 1118 ingredi.

365 1140 396 1187 ξ.
427 1143 482 1174 15.
517 1139 640 1181 Quum
676 1142 848 1186 Bepyrus
888 1141 1034 1174 femina
1073 1138 1393 1189 innumerabilem
1442 1146 1599 1171 ovorum
1640 1138 1787 1183 copiam
1839 1145 1950 1184 partu

202 1205 302 1247 edat,
329 1210 367 1239 et
394 1214 471 1238 non
494 1204 616 1238 solum
643 1216 715 1240 ova
741 1215 827 1247 sua,
854 1217 987 1241 verum
1017 1206 1132 1240 etiam
1158 1204 1307 1251 prolem
1334 1201 1424 1237 inde
1460 1208 1591 1238 natam
1621 1203 1767 1248 longius
1800 1208 1949 1251 tempus

198 1272 300 1306 inter
328 1280 437 1305 suum
470 1276 643 1314 ventrem
681 1277 719 1305 et
744 1271 983 1305 Palaemonis
1013 1272 1231 1317 operculum
1258 1269 1473 1304 branchiale
1501 1269 1651 1311 foveat,
1686 1279 1818 1305 omnes
1854 1271 1949 1317 pulli

201 1344 330 1373 autem
358 1337 441 1372 loco
470 1338 535 1372 illo
563 1338 656 1371 satis
684 1337 952 1383 grandescant,
981 1348 1066 1371 eam
1094 1337 1141 1371 ob
1169 1347 1319 1370 causam
1348 1345 1440 1370 vero
1463 1334 1703 1369 Palaemonis
1731 1337 1948 1380 operculum

199 1404 318 1450 magis
341 1404 532 1449 magisque
560 1408 640 1437 tum
668 1402 899 1446 extendant,
935 1409 1014 1438 tum
1042 1412 1063 1436 a
1093 1402 1280 1437 branchiis
1312 1406 1557 1437 removeant:
1592 1401 1675 1435 fieri
1706 1411 1784 1435 non
1810 1407 1948 1447 potest,

200 1470 290 1516 quin
325 1475 423 1511 tum,
465 1481 578 1516 quum
620 1468 775 1503 tandem
811 1469 1013 1515 aliquando
1051 1469 1146 1515 pulli
1179 1473 1401 1509 evaserant,
1442 1473 1563 1503 mater
1605 1468 1792 1503 emaciata
1826 1469 1947 1504 multo

199 1536 362 1582 amplius
395 1534 588 1581 multoque
621 1533 828 1569 maioribus
865 1533 971 1568 ostiis
998 1534 1213 1580 praeditum
1241 1533 1382 1568 incolat
1410 1533 1662 1577 domicilium,
1701 1545 1812 1581 qutun
1848 1534 1948 1581 quod

198 1600 312 1646 paulo
342 1604 455 1632 antea
483 1600 519 1633 ei
546 1604 636 1633 erat.
663 1597 787 1640 Quum
813 1608 905 1633 vero
923 1597 1095 1645 Bopyrus
1121 1603 1255 1640 mater,
1283 1604 1324 1633 ut
1346 1609 1458 1646 supra
1483 1599 1561 1635 iam
1582 1601 1756 1646 exposui,
1783 1600 1946 1647 pedibus

199 1674 383 1711 nusquam
411 1670 512 1698 arcte
539 1662 744 1698 adhaerere
773 1663 909 1710 possit,
938 1663 1048 1698 facile
1076 1664 1156 1698 fieri
1181 1669 1328 1712 potest,
1365 1670 1406 1699 ut
1443 1675 1488 1699 eo
1514 1671 1707 1711 tempore,
1744 1676 1816 1712 quo
1850 1667 1945 1713 pulli

201 1732 398 1776 emigrant,
426 1736 490 1764 aut
517 1729 626 1765 brevi
651 1736 749 1777 post,
775 1741 851 1764 una
879 1741 961 1765 cum
989 1742 1094 1766 mare
1111 1744 1130 1767 e
1146 1731 1386 1767 Palaemonis
1414 1742 1507 1768 cavo
1532 1729 1748 1766 branchiale
1765 1732 1945 1769 elabatur.

202 1795 305 1839 Quae
344 1799 558 1832 coniectura
594 1797 710 1831 etiam
747 1797 815 1831 hac
846 1797 1001 1843 probari
1033 1797 1187 1834 videtur
1223 1798 1508 1841 observatione,
1544 1796 1643 1844 quod
1677 1808 1722 1831 eo
1757 1803 1943 1846 tempore,

200 1875 271 1910 quo
305 1863 446 1910 Bopyri
483 1874 556 1899 ova
589 1863 740 1905 fovent,
781 1864 879 1899 haud
922 1875 1007 1898 raro
1041 1864 1290 1900 Palaemones
1333 1864 1486 1906 inveni,
1530 1874 1623 1911 quae
1668 1870 1847 1910 quantum
1891 1878 1944 1902 ex

199 1931 362 1965 umbone
389 1931 430 1966 in
456 1942 584 1966 eorum
613 1931 750 1965 dextro
780 1937 844 1966 aut
871 1931 1022 1965 sinistro
1049 1932 1168 1966 latere
1197 1920 1311 1968 obvio
1340 1930 1506 1978 quidem,
1533 1941 1654 1967 vacuo
1681 1936 1828 1973 tamen,
1856 1943 1942 1967 con-

198 1997 348 2031 cludere
385 1997 510 2044 potui,
545 1997 714 2041 nonnisi,
748 1997 857 2033 brevi
891 2004 977 2033 ante
1013 2009 1035 2033 a
1061 1997 1217 2033 nefastis
1250 1998 1326 2033 suis
1360 1998 1571 2045 hospitibus
1603 1997 1787 2032 liberatae
1823 2005 1942 2033 erant.

199 2062 241 2097 Si
270 2068 396 2098 autem
426 2074 536 2110 quan]
564 2064 678 2099 modo
701 2064 841 2111 protuli
868 2064 1081 2099 coniectura
1107 2077 1191 2100 cum
1218 2066 1381 2102 veritate
1410 2069 1607 2111 congruat,
1639 2062 1730 2097 inde
1763 2064 1942 2110 patuerit,

198 2129 329 2164 saltem
354 2130 523 2177 Bopyros
551 2130 756 2175 femineos,
787 2130 925 2177 quippe
956 2131 1037 2176 qui,
1065 2132 1097 2166 si
1123 2133 1364 2179 provectiore
1399 2137 1523 2167 aetate
1548 2131 1819 2165 Palaemonem
1851 2130 1939 2165 reli-

200 2195 362 2240 querint,
399 2197 514 2230 morti
545 2197 651 2233 brevi
694 2203 781 2243 pest
817 2198 1057 2239 occumbant,
1094 2199 1215 2234 vitam
1254 2211 1332 2235 non
1365 2200 1464 2234 ultra
1503 2197 1613 2231 unius
1648 2196 1739 2231 anni
1773 2196 1937 2242 spatium

199 2261 415 2305 producere.
442 2261 502 2297 Ad
531 2263 691 2298 eandem
721 2264 996 2299 conclusionem
1024 2265 1098 2298 alia
1126 2266 1241 2301 etiam
1267 2267 1333 2303 via
1356 2270 1473 2313 patet.
1505 2263 1546 2298 Si
1574 2263 1675 2298 enim
1702 2263 1743 2297 in
1769 2267 1937 2297 mentem

199 2325 309 2359 nobis
349 2331 628 2379 vocaverimus,
664 2337 808 2366 aestate
856 2331 1125 2366 Palaemonem
1174 2337 1323 2368 vetusta
1362 2337 1582 2378 tegumenta
1623 2328 1732 2363 novis
1776 2334 1935 2371 mutare,

197 2393 410 2427 recentiora
442 2403 567 2431 autem
602 2398 747 2443 longius
784 2410 852 2444 per
887 2404 1035 2445 tempus
1064 2399 1268 2434 admodum
1311 2398 1440 2433 mollia
1468 2403 1505 2431 et
1540 2394 1688 2430 flexilia
1722 2404 1823 2436 esse,
1858 2405 1936 2429 non

196 2459 415 2504 putei-inuis,
445 2463 532 2508 quin
556 2471 743 2510 putemus,
770 2465 962 2514 Bepyrum
990 2466 1192 2508 feminam,
1221 2465 1370 2500 etiamsi
1398 2475 1514 2510 usque
1543 2461 1591 2497 ad
1620 2472 1703 2496 eam
1732 2459 1932 2506 periodum
