2150 2904
1048 242 1098 273 44

283 350 399 383 Anno
414 347 529 378 tatio.
551 345 611 376 Vir
623 343 821 375 clarissimus
838 342 980 374 Ionius
991 341 1160 375 Mummium
1172 343 1204 374 in
1217 342 1300 374 libro
1314 341 1432 384 gallico
1447 341 1636 375 Annales
1655 343 1725 375 des
1749 344 1945 377 sciences

329 403 568 439 naturelles
609 402 720 441 (Tom.
741 402 784 435 X.
821 401 897 443 Pag.
921 401 971 433 10.
1004 401 1088 433 Tab.
1111 401 1168 434 IV.
1201 402 1272 443 Fig.
1297 400 1362 443 10.)
1405 401 1553 433 Nereidis
1587 402 1750 433 cuiusdam
1778 402 1944 434 cerebrum

320 464 483 504 depinxit,
518 473 535 492 e
558 463 646 493 cuius
668 463 828 492 anteriore
850 462 992 502 margine
1015 460 1192 503 complures
1215 459 1339 491 nervuli
1358 460 1524 491 filiformes
1547 459 1648 490 latera
1677 470 1787 490 versus
1809 459 1942 491 tendere

321 521 520 553 videbantur.
563 519 686 551 Verum
714 521 748 550 in
776 518 916 551 Nereide
943 519 1086 550 lobulata
1116 525 1147 550 et
1177 518 1318 550 Nereide
1351 518 1530 560 pulsatoria
1560 518 1678 548 frustra
1713 528 1828 547 nervos
1860 517 1944 548 tales

324 579 487 622 quaesivi,
531 585 726 621 quapropter
764 589 848 609 nunc
890 578 1056 619 suspicor,
1102 579 1239 610 amicum
1284 577 1383 610 fibras
1430 576 1603 609 nonnullas
1651 575 1847 607 musculares
1885 585 1945 618 pro

322 637 432 669 nervis
460 635 620 669 habuisse.

363 748 395 797 ξ.
423 752 479 783 10.
531 747 639 782 Oculi
668 747 850 782 fabricam
883 746 1100 792 diligentius
1143 748 1377 794 perlustrans
1414 746 1462 781 de
1498 758 1564 789 ea,
1599 756 1693 792 quae
1731 749 1950 795 sequuntur,

198 815 412 853 observavi.
449 814 557 860 (Tab.
583 813 628 848 ΙΙ.
651 813 732 858 Fig.
760 812 819 859 9.).
861 812 1066 855 Quodlibet
1089 813 1191 849 visus
1220 825 1386 859 organon
1413 820 1493 848 tum
1526 813 1567 847 in
1596 810 1803 846 Nereide
1844 809 1950 857 pul-

198 883 399 926 satoria‚
426 888 506 916 tum
533 882 573 917 in
600 880 815 916 Nereide
841 880 1059 914 lobulata
1085 880 1277 925 globulum
1303 881 1423 916 refert
1451 891 1471 914 e
1499 878 1643 913 duabus
1665 878 1837 924 partibus
1861 888 1950 911 con·

197 955 397 991 structum,
432 960 452 983 e
479 949 611 983 nucleo
647 954 758 994 atque
794 959 846 982 ex
865 947 1034 981 indusio.
1087 945 1269 981 Exterior
1294 958 1403 993 pars,
1439 947 1501 982 vel
1528 945 1740 987 indusium,
1774 943 1950 977 nucleum

197 1016 353 1051 omnino
375 1016 482 1052 velat
509 1021 547 1049 et
572 1014 743 1056 includit,
771 1019 883 1059 atque
912 1025 932 1047 e
961 1012 1106 1047 duabus
1135 1020 1282 1048 constat
1308 1013 1497 1055 vesiculis,
1526 1023 1683 1059 quarum
1710 1011 1830 1044 altera
1856 1009 1951 1043 alte-

194 1093 278 1118 ram
302 1088 404 1116 arcte
433 1081 695 1126 complectitur
722 1085 760 1111 et
786 1080 926 1122 ubique
952 1080 1087 1111 intime
1116 1090 1199 1111 cum
1236 1090 1282 1112 ea
1318 1079 1507 1111 cohaeret.
1568 1077 1745 1110 vesicula
1781 1074 1952 1109 exterior

196 1161 217 1183 e
245 1146 412 1183 molliori
447 1150 660 1180 constructa
688 1149 745 1178 est
769 1143 847 1177 tela
875 1143 1073 1184 cellulum,
1108 1154 1203 1188 quae
1231 1144 1270 1177 in
1296 1142 1505 1178 Nereide
1531 1142 1804 1189 pulsatoria
1829 1141 1953 1186 nigre·

196 1214 335 1250 scentis
361 1212 426 1248 vel
450 1211 578 1257 potius
604 1214 757 1244 austero
783 1208 966 1250 violacei,
992 1208 1033 1242 in
1059 1207 1266 1243 Nereide
1301 1209 1519 1244 lobulata
1548 1214 1674 1243 autem
1703 1207 1867 1241 coccinei
1892 1206 1952 1254 pi-

197 1280 341 1327 gmenti
365 1288 503 1324 magna
531 1276 640 1323 copia
668 1279 725 1308 est
750 1275 912 1319 repleta,
939 1274 1162 1308 crassiorem
1191 1279 1228 1306 et
1251 1274 1536 1320 impellucidam
1553 1274 1747 1310 constituit
1762 1273 1952 1308 membra-

197 1358 308 1389 nam,
349 1350 461 1390 atque
502 1343 662 1377 aliorum
706 1340 929 1374 animalium
969 1339 1216 1373 membranae
1263 1340 1466 1375 choroidae
1513 1340 1748 1387 respondere
1789 1339 1953 1376 videtur.

197 1412 429 1460 Aperturam
458 1415 585 1444 autem
611 1408 748 1449 talem,
784 1406 933 1453 qualem
962 1406 1123 1440 aliorum
1159 1405 1381 1442 animalium
1412 1408 1559 1454 pupilla
1587 1406 1766 1450 exhibet,
1804 1412 1885 1440 tum
1911 1405 1953 1440 in

197 1478 427 1517 Nereidis
460 1475 790 1521 pulsatoriae,
814 1478 894 1507 tum
921 1473 963 1507 in
982 1471 1215 1506 Nereidis
1247 1472 1505 1508 lobulatae
1532 1473 1648 1508 oculis
1675 1473 1814 1508 frustra
1841 1482 1955 1518 quae-

197 1547 292 1588 sivi,
329 1555 349 1577 c
377 1542 563 1577 contrario
598 1540 821 1582 observavi,
858 1539 900 1574 in
926 1538 983 1573 his
1013 1539 1242 1573 animalibus
1268 1540 1532 1575 membranam
1565 1540 1692 1582 illam,
1727 1549 1839 1585 quam
1871 1548 1956 1573 cum

199 1610 425 1648 membrana
459 1606 663 1641 choroidea
696 1604 936 1650 comparavi,
968 1605 1010 1638 in
1054 1605 1247 1638 exteriore
1283 1605 1381 1637 oculi
1423 1612 1532 1650 parte
1577 1606 1732 1639 omnino
1769 1604 1957 1640 occlusam

202 1686 297 1711 esse.
347 1673 392 1708 In
420 1672 536 1707 oculis
564 1676 691 1706 autem
718 1668 947 1705 Nereidis
972 1667 1088 1702 Dum
1103 1669 1258 1712 erilii,
1286 1670 1390 1704 cuius
1416 1669 1600 1704 nonnulla
1619 1669 1800 1715 exempla
1820 1668 1956 1704 itidem

201 1743 244 1778 in
265 1742 387 1777 Ponto
406 1737 562 1773 Euxino
590 1737 735 1780 inveni,
765 1747 860 1783 quae
888 1740 1017 1769 tamen
1043 1733 1144 1769 haud
1171 1736 1277 1782 prius
1302 1735 1520 1781 diligentius
1536 1735 1755 1781 perquirere
1770 1741 1958 1782 poteram,

204 1819 317 1857 quam
351 1805 565 1852 Dorpatum
599 1803 804 1846 redissem,
846 1802 887 1837 in
930 1801 1123 1835 exteriore
1166 1801 1393 1836 choroideae
1430 1807 1542 1848 parte
1577 1801 1762 1836 maiorem
1799 1811 1958 1848 eamque

206 1875 413 1922 ellipticam
437 1871 518 1905 fere
547 1869 751 1905 observavi
778 1875 1005 1916 aperturam.
1059 1866 1158 1902 Orae
1187 1868 1267 1903 eius
1293 1869 1358 1905 vel
1381 1868 1570 1914 margines
1597 1879 1838 1914 nequaquam
1859 1868 1959 1903 lace-

206 1947 313 1978 ratae
342 1938 409 1974 sed
434 1937 561 1985 potius
588 1936 720 1971 laeves
747 1941 785 1969 et
809 1935 979 1981 integrae
1008 1939 1133 1977 erant,
1162 1941 1392 1982 quapropter
1428 1946 1506 1969 non
1531 1934 1738 1976 haesitavi,
1772 1940 1815 1969 ut
1848 1941 1959 1982 puta-

207 2019 308 2049 rem,
341 2003 569 2041 Nereidis
599 2002 716 2038 Dum
729 2002 864 2038 erilii
901 2002 1026 2036 oculos
1059 2013 1101 2036 re
1134 2012 1228 2037 vera
1261 2001 1408 2048 pupilla
1442 2011 1524 2036 esse
1566 2001 1778 2035 instructos.
1829 1999 1959 2037 Etiam

210 2073 441 2109 clarissimus
473 2068 505 2104 J.
532 2068 726 2104 MUELLER
761 2068 974 2111 contendit,
1015 2079 1056 2102 se
1087 2068 1128 2102 in
1162 2066 1337 2102 Nereirlis
1379 2067 1573 2103 cuiusdam
1618 2067 1736 2101 oculis
1775 2068 1960 2115 pupillam

210 2138 367 2175 vidisse.
386 2137 420 2182 ')
471 2134 558 2171 Non
594 2134 725 2171 dubito
757 2135 871 2181 igitur
911 2136 1001 2182 quin
1039 2135 1244 2170 nonnullae
1287 2133 1463 2169 Nereidis
1501 2133 1646 2180 species
1688 2134 1854 2170 naturali
1894 2134 1963 2171 tali

216 2212 393 2251 apertura
418 2202 623 2236 instructae
650 2202 744 2247 sint,
772 2202 872 2237 aliae
899 2209 1027 2237 autem
1057 2212 1103 2235 ea
1137 2202 1292 2236 omnino
1327 2206 1491 2236 careant.
1519 2219 1571 2226 —
1598 2199 1763 2235 Interior
1795 2199 1963 2235 vesicula

219 2271 411 2307 exteriore
438 2268 558 2304 multo
584 2268 734 2303 tenuior
760 2267 997 2312 observatur,
1023 2267 1162 2315 ubique
1188 2267 1361 2304 eiusdem
1389 2272 1446 2304 est
1469 2266 1667 2302 tenuitatis
1695 2271 1733 2301 et
1748 2265 1861 2302 lactei
1878 2266 1962 2303 fere

306 2476 336 2516 *)
358 2473 501 2508 Annales
521 2475 580 2508 des
602 2475 744 2511 scienees
765 2477 949 2512 natm-elles.
971 2476 1065 2514 Tom.
1089 2476 1199 2512 XXII.
1221 2476 1298 2519 Pag.
1322 2477 1377 2511 23.
