2150 2904
1032 264 1076 295 13

164 372 328 403 tantum
364 366 526 401 offerant
558 367 815 414 superficiem,
852 378 936 403 eam
964 369 1012 403 ob
1051 377 1200 403 causam
1232 378 1324 402 vero
1357 366 1405 402 ad
1433 368 1613 403 materias
1648 364 1932 401 combustibiles

178 433 492 469 exterminandas
519 444 596 467 non
616 433 776 468 multum
798 435 966 479 valeant,
990 435 1090 471 unde
1118 445 1272 469 necesse
1300 434 1370 477 sit,
1398 436 1643 470 materiarum
1669 434 1822 468 illarum
1849 429 1930 464 offi-

176 500 275 536 cium
303 501 516 537 maximam
543 506 704 546 partem·
717 500 847 547 hepati
876 504 1142 537 committatur.

341 566 372 614 §.
401 570 433 602 5.
464 567 587 613 Supra
620 567 843 604 intestinum
880 575 918 604 et
955 569 1102 616 hepatis
1138 569 1244 604 lobos
1273 581 1414 616 organa
1449 570 1704 617 generationis
1730 565 1932 603 inveniun-

176 640 237 670 tur
262 634 371 682 (Tab.
398 633 425 667 I.
452 633 532 679 Fig.
562 636 581 668 7
610 639 648 668 et
676 637 709 676 S,
738 648 774 677 α,
802 649 838 679 α,
867 637 917 681 a).
949 636 1054 671 Duos
1082 637 1253 672 referunt
1279 648 1426 680 saccos,
1462 638 1524 684 qui
1557 637 1597 670 in
1625 635 1762 669 adultis
1789 631 1934 681 Bopyri

173 700 330 736 feminis
357 698 485 736 multo'
508 701 630 735 maius
659 703 821 749 explent
847 703 1030 748 spatium,
1070 715 1182 752 quam
1213 705 1342 739 onmia
1375 706 1524 751 reliqua
1551 704 1717 744 viscera,
1745 701 1868 748 Aprili
1897 705 1935 734 et

172 767 276 803 Maio
304 768 495 802 mensibus
520 768 839 804 innumerabilem
867 781 1025 805 ovorum
1049 771 1306 815 minimorum,
1335 773 1588 818 globosorum‚
1615 775 1653 803 et
1679 766 1932 804 subviridium

176 835 368 880 [scau-ach
391 835 648 880 erbsengmi'n]
684 847 882 870 numerum
913 837 1261 883 comprehendunt,
1287 846 1399 886 atque
1427 838 1502 881 nil,
1531 837 1605 871 nisi
1632 836 1775 881 Bopyri
1802 833 1934 869 ovaria

173 901 392 947 significant.
421 901 594 947 Superne
622 908 660 936 et
686 902 835 937 inferne
864 904 1138 950 aliquantulum
1166 912 1253 940 sunt
1279 905 1523 952 complanari,
1548 902 1783 949 superiorem
1811 900 1935 935 trunci

172 969 359 1015 parietem
386 974 562 1014 tangunt,
591 980 613 1002 a
636 969 840 1014 posteriori
868 971 990 1005 trunci
1019 972 1286 1015 extremitate,
1320 974 1385 1008 ubi
1415 974 1511 1008 alter
1544 971 1705 1005 alterum
1739 968 1934 1013 contingit,

175 1036 462 1070 extremitatem
499 1036 731 1070 anteriorem
761 1047 892 1071 versus
918 1038 1193 1084 aliquantulum
1223 1040 1445 1086 divergunt,
1475 1044 1585 1084 atque
1614 1035 1785 1071 eiusdem
1813 1041 1934 1069 totuin

173 1100 254 1135 fere
281 1108 321 1135 et
352 1100 629 1145 longitudinem
665 1109 702 1134 et
723 1103 964 1134 latitudinem
999 1107 1240 1138 emetiuntur.
1294 1106 1459 1150 Uterque
1489 1116 1509 1137 e
1538 1104 1644 1137 tenui
1672 1108 1711 1136 et
1744 1100 1936 1148 pellucida

176 1171 325 1200 constat
351 1165 597 1205 membrana,
634 1169 745 1209 atque
775 1165 944 1197 exterius
972 1167 1139 1211 corporis
1172 1168 1270 1202 latus
1298 1181 1430 1203 versus
1456 1171 1497 1201 in
1525 1174 1672 1212 septem
1700 1168 1808 1201 lobes
1836 1168 1934 1201 latos

174 1237 214 1266 et
242 1231 503 1277 complanatos
532 1229 676 1265 divisus
706 1236 781 1272 est,
812 1241 968 1276 quorum
1006 1231 1142 1277 singuli
1165 1234 1320 1279 singulis
1356 1235 1478 1268 trunci
1515 1231 1665 1266 annulis
1691 1232 1936 1278 respondent.

175 1297 300 1334 Ambo
329 1303 456 1332 autem
481 1297 614 1333 ovaria
641 1309 740 1343 pone
768 1297 942 1331 ultimum
970 1298 1092 1332 trunci
1120 1300 1300 1335 annulum
1327 1300 1367 1334 in
1392 1300 1618 1346 perbrevem
1644 1299 1796 1345 quidem
1812 1325 1822 1341 ‚
1856 1310 1936 1333 am-

176 1366 282 1412 plum
306 1370 437 1400 tamen
462 1366 599 1398 coeunt
627 1364 799 1407 ductum,
836 1365 899 1410 qui
935 1375 1017 1398 eum
1043 1365 1218 1399 inferiori
1245 1366 1401 1401 secundi
1430 1366 1559 1400 annuli
1595 1366 1761 1400 camelolis
1787 1366 1939 1412 pariete

176 1431 371 1475 cohaeret,
410 1437 454 1476 et*
476 1432 517 1467 in
554 1431 684 1466 media
719 1430 799 1465 eius
820 1436 930 1477 parte
957 1441 1058 1478 ponc
1086 1431 1268 1468 orificium
1303 1434 1367 1468 ani
1389 1443 1625 1480 perparvum
1652 1433 1769 1468 habet
1799 1433 1937 1468 ostium

179 1498 289 1544 (Tab.
315 1499 342 1533 I.
365 1499 446 1545 Fig.
475 1498 523 1546 7.)

343 1563 375 1611 ξ.
405 1567 438 1599 6.
472 1564 545 1600 Cor
579 1565 620 1600 in
647 1563 835 1599 anteriore
871 1565 993 1601 trunci
1026 1574 1133 1612 parte
1170 1568 1294 1603 Iocum
1320 1566 1456 1612 habet,
1488 1579 1571 1604 cum
1603 1568 1705 1603 dorsi
1734 1574 1816 1602 cute
1844 1569 1936 1603 laxe

177 1630 372 1674 cohaeret,
416 1637 528 1677 atque
568 1632 609 1666 in
650 1638 727 1666 tres
758 1631 867 1665 labos
904 1632 968 1666 vel
1008 1634 1241 1669 ventriculos
1273 1633 1352 1668 fere
1381 1639 1516 1668 ovatus
1557 1640 1613 1668 est
1650 1633 1837 1676 divisum,
1874 1634 1937 1679 qui

178 1708 310 1732 omnes
338 1698 617 1745 propemodum
647 1699 755 1733 unius
784 1697 1030 1745 eiusdemque
1055 1705 1142 1734 sunt
1168 1699 1452 1745 magnitudinis,
1479 1705 1517 1734 et
1543 1700 1777 1746 divergendo
1797 1713 1816 1735 e
1838 1712 1938 1736 com-

175 1764 284 1799 muni
319 1770 448 1800 centro
484 1766 613 1802 varias
645 1764 820 1810 regiones
855 1775 986 1799 versus
1031 1772 1239 1801 excurrunt
1273 1765 1382 1811 (Tab.
1405 1765 1469 1800 ΙΙΙ.
1502 1766 1534 1800 F
1539 1769 1583 1814 ig.
1611 1767 1631 1801 ἲ·
1656 1768 1682 1802 d
1704 1772 1742 1802 et
1770 1766 1817 1812 e).
1851 1767 1937 1802 Duo

178 1841 308 1865 eorum
336 1832 527 1868 anteriora
554 1843 687 1869 versus
714 1831 875 1866 tendunt
899 1837 937 1866 et
961 1833 1214 1878 posteriorem
1239 1835 1424 1868 stomachi
1459 1840 1609 1881 partem
1637 1835 1938 1881 amplectuntur3

178 1896 310 1931 tertius
338 1904 485 1941 autem,
520 1899 583 1946 qui
619 1899 697 1933 illis
722 1899 836 1945 paulo
864 1898 988 1934 minor
1021 1905 1096 1942 est,
1133 1900 1349 1945 posteriora
1381 1912 1515 1936 versus
1542 1901 1666 1936 tendit
1701 1906 1739 1935 et
1774 1901 1938 1935 anticam

176 1962 348 1997 intestini
385 1971 535 2011 partem
572 1965 727 2010 obtegit.
788 1960 1008 2001 Substantia
1051 1966 1172 2001 cordis
1206 1967 1468 2002 membranam
1522 1968 1719 2002 constituit
1761 1977 1937 2010 crassam,

177 2030 523 2076 semipellucidam,
551 2033 706 2067 mollem
734 2038 773 2067 et
797 2033 936 2078 partim
965 2044 987 2066 e
1014 2038 1127 2068 textu
1153 2035 1346 2077 celluloso,
1371 2034 1515 2081 partim
1540 2045 1560 2068 e
1581 2034 1698 2068 febris
1715 2033 1938 2069 musculosis

180 2102 439 2133 constructam.
495 2098 640 2135 Cavum
671 2099 770 2145 quod
796 2098 956 2133 includit
982 2099 1032 2134 ad
1057 2100 1138 2135 eius
1164 2101 1455 2137 erassitudinem
1482 2112 1715 2148 perparvum
1743 2106 1810 2134 est.

346 2162 406 2199 De
431 2178 607 2202 vasorum
635 2167 931 2212 sanguiferorum
959 2173 1039 2201 tum
1068 2178 1227 2202 numero
1254 2174 1333 2203 tum
1362 2168 1523 2203 decursu
1550 2166 1702 2200 nonnisi
1730 2166 1937 2204 admodum

180 2240 356 2265 mancam
389 2232 482 2267 mihi
515 2244 651 2279 parare
685 2232 792 2280 potui
821 2234 1008 2268 notitiam.
1067 2233 1221 2269 Etenim
1256 2245 1350 2271 vasa
1385 2236 1452 2269 illa
1494 2244 1572 2267 non
1611 2233 1734 2268 solum
1777 2245 1937 2281 magnae

181 2304 267 2332 sunt
294 2298 509 2333 tener-itatis
536 2306 575 2333 et
600 2300 797 2342 mollitiei,
832 2311 966 2336 verum
1005 2303 1121 2336 etiam
1162 2307 1294 2336 tantae
1330 2299 1617 2348 pelluciditatis,
1644 2306 1686 2334 ut
1712 2301 1785 2337 vix
1812 2301 1939 2337 videri

181 2365 336 2409 possint.
370 2364 455 2400 Huc
476 2365 633 2408 accedit,
662 2367 762 2413 quod
789 2368 916 2402 omnia
936 2367 1085 2403 viscera
1107 2373 1145 2401 et
1171 2368 1273 2402 inter
1300 2379 1341 2402 se
1368 2369 1453 2414 ipsa
1480 2373 1519 2402 et
1548 2379 1631 2402 cum
1658 2368 1761 2403 vasis
1788 2368 1937 2414 sangui-

181 2428 272 2464 feris
299 2430 433 2466 intime
459 2438 546 2467 sunt
573 2435 839 2480 conglutinata,
861 2436 915 2469 ita
942 2441 983 2469 ut
1010 2436 1092 2469 fieri
1117 2446 1194 2469 non
1220 2434 1352 2480 possit,
1382 2435 1483 2480 quin,
1511 2435 1543 2468 si
1568 2435 1716 2471 viscera
1740 2434 1936 2481 paululum

182 2494 448 2544 distrahantur,
475 2511 569 2538 vasa
595 2501 646 2538 ad
669 2507 817 2549 partem
844 2501 1108 2538 dilacerentur.
1163 2500 1269 2545 Quae
1306 2507 1434 2538 autem
1462 2501 1509 2538 de
1537 2500 1681 2548 Bopyri
1708 2502 1811 2538 vasis
1837 2498 1931 2534 mihi
