2150 2904
1071 249 1114 281 11

213 358 247 393 si
273 356 349 392 alia
372 354 594 403 respexeris
619 354 801 390 animalia
826 352 1038 398 articulata,
1074 366 1170 402 quae
1193 352 1330 389 itidem
1358 353 1610 389 animantium
1634 354 1852 390 nutriuntur
1880 367 1960 393 suc-

214 426 267 461 cis
292 423 507 472 inquiliniS,
547 421 720 468 exempli
747 432 859 456 causa
892 421 1038 457 insecta
1066 422 1237 470 diptera,
1264 422 1480 468 hemiptera
1516 428 1555 456 et
1591 428 1742 468 aptera,
1777 423 1964 466 invenies,

212 502 260 527 ea
284 491 418 527 horum
442 490 671 524 insectorum
699 500 860 535 organa,
888 499 985 537 quae
1011 490 1218 526 secundum
1246 490 1516 525 nonnullorum
1542 489 1851 536 physiologorum
1880 499 1964 523 sen-

210 558 375 594 tentiam
403 557 570 599 omnino,
598 556 805 591 secundnm
829 557 991 593 aliorum
1021 570 1074 593 ex
1101 563 1212 605 parte
1241 563 1392 592 tantum
1419 567 1503 591 cum
1522 562 1802 591 crustaceorum
1824 556 1964 603 hepate

213 625 427 671 comparari
451 625 612 672 possint,
639 634 779 671 paucas
806 624 921 660 modo
940 636 1078 672 easque
1098 625 1343 660 tenuissimas
1363 630 1402 659 et
1416 623 1614 658 filiformes
1632 622 1805 657 intestini
1820 623 1964 658 referre

211 692 456 738 appendices.
483 691 568 727 Huc
595 691 761 735 accedit,
797 691 899 739 quod
927 692 1134 728 secundum
1166 692 1515 728 recentissimorum
1542 691 1873 737 physiologorum‚
1909 691 1966 725 in-

209 757 343 804 primis
358 759 401 793 cl.
416 757 455 794 C.
465 758 512 793 H.
541 759 759 794 SCHULTZH
777 759 1065 795 substitissimas
1091 760 1380 797 observationes
1409 757 1632 793 animalium
1658 757 1963 793 vertebratorum

211 824 319 868 bilis,
352 826 453 873 quod
476 827 615 862 attinet
647 825 696 861 ad
723 827 803 862 eius
839 827 880 862 in
915 826 1128 873 digestione
1161 826 1395 875 perficienda
1421 837 1551 868 usum,
1588 824 1761 859 maxime
1795 824 1843 858 ad
1878 835 1964 858 eum

209 891 336 927 tendit
357 903 532 940 scopum,
570 899 611 927 ut
647 892 795 928 acidam
831 894 957 940 chymi
993 901 1169 930 naturam
1206 906 1302 941 quae
1332 901 1461 929 tamen
1496 893 1543 928 ab
1577 892 1661 939 ipso
1688 891 1901 926 ventriculo
1930 891 1964 925 ei

207 958 259 994 sit
284 959 500 1007 impertita,
537 960 726 996 obtundat
758 967 797 996 et
830 961 1093 997 insensibilem
1126 961 1317 1007 reddat&
1382 960 1506 1004 Quum
1531 972 1623 997 vero
1650 958 1795 1004 Bopyri
1821 959 1965 994 ventri-

207 1027 310 1061 culus
355 1038 433 1061 non
483 1032 614 1062 tantae
656 1027 706 1062 sit
744 1028 1041 1073 magnitudinis,
1075 1035 1118 1064 ut
1151 1029 1183 1064 si
1217 1028 1368 1064 acidum
1413 1027 1569 1075 aliquod
1608 1030 1844 1067 secerneret,
1884 1025 1966 1059 eius

208 1104 384 1138 magnam
404 1095 537 1127 offerre
555 1101 687 1138 posset
706 1096 867 1138 copiam,
898 1098 1176 1129 nutrimentum
1205 1102 1333 1129 autem
1361 1107 1433 1140 quo
1451 1095 1594 1128 animal
1621 1097 1794 1126 nostrum
1817 1097 1965 1126 susten-

207 1164 321 1199 tatur,
347 1157 446 1192 acidi
473 1158 587 1202 plane
613 1156 666 1189 nil
693 1156 910 1197 contineat,
940 1168 1078 1202 magna
1113 1168 1226 1202 quam
1260 1160 1403 1194 animal
1438 1160 1535 1193 illud
1558 1158 1721 1192 secernit
1748 1157 1834 1191 bilis
1857 1158 1967 1204 copia

204 1234 446 1271 nequaquam
478 1222 575 1258 hanc
603 1221 652 1257 ad
677 1222 792 1256 finem
815 1223 944 1269 parari
965 1230 1117 1271 potest,
1142 1228 1185 1257 ut
1211 1223 1361 1259 acidum
1392 1223 1546 1271 aliquod
1574 1223 1620 1257 ab
1649 1233 1695 1257 ea
1724 1223 1966 1259 obtundatur.

206 1289 313 1333 Quae
353 1302 469 1337 quum
504 1291 560 1326 ita
583 1302 623 1325 se
650 1289 837 1331 habeant,
865 1301 943 1326 non
968 1301 1183 1337 possumus,
1209 1292 1299 1338 quin
1324 1297 1515 1337 putemus,
1545 1289 1791 1337 praegrandis
1820 1292 1964 1336 magni-

205 1357 348 1402 tudinis
376 1357 515 1405 hepar,
553 1369 625 1405 quo
652 1357 825 1403 Bopyrus
853 1363 911 1391 est
937 1357 1146 1404 praeditus,
1177 1358 1213 1391 ei
1240 1358 1351 1403 longe
1389 1358 1504 1392 aliam
1534 1358 1581 1392 ob
1608 1368 1759 1391 causam
1788 1368 1871 1391 esse
1900 1358 1965 1392 tri-

204 1425 350 1460 butum.
406 1424 528 1468 Quam
563 1434 714 1459 causam
749 1423 780 1456 si
814 1422 1047 1471 investigare
1075 1424 1259 1468 velimus,
1294 1424 1486 1471 imprimis
1522 1424 1786 1471 respirationis
1824 1435 1964 1469 organa

204 1490 447 1538 respicienda
475 1491 636 1532 fuerint,
678 1500 793 1534 quum
829 1491 1004 1524 nonnulli
1037 1492 1278 1536 putaverint,
1319 1491 1360 1526 in
1393 1491 1626 1526 animalibus
1662 1490 1891 1528 vertebratis
1926 1498 1964 1525 et

205 1558 398 1591 molluscis
425 1557 571 1603 hepatis
600 1555 834 1590 functionem
860 1566 946 1589 eam
975 1566 1079 1597 esse,
1113 1561 1156 1589 ut
1178 1556 1279 1590 inter
1307 1568 1392 1591 eam
1419 1564 1458 1592 et
1487 1568 1712 1602 organorum
1742 1557 1961 1603 respiratio-

204 1623 263 1658 nis
286 1623 519 1658 functionem
546 1622 830 1667 antagonismus
852 1620 1006 1667 quidam
1034 1621 1233 1658 observari
1259 1623 1392 1669 possit.
1424 1621 1713 1657 Contenderunt
1741 1624 1842 1657 enim
1868 1634 1963 1658 non-

203 1691 298 1725 nulli
334 1696 372 1724 et
407 1692 489 1730 iure
528 1688 702 1736 quidem,
736 1688 854 1735 hepar
890 1699 943 1723 ex
993 1690 1208 1735 organismo
1243 1690 1402 1724 animali
1439 1689 1620 1725 materias
1664 1688 1962 1732 combustibiles,

202 1757 466 1805 respirationis
494 1761 622 1790 autem
650 1766 790 1802 organa
817 1755 998 1790 materias
1026 1756 1267 1791 comburatas
1287 1758 1564 1799 exterminare,
1591 1755 1688 1791 illud
1714 1755 1840 1791 viscus
1868 1767 1960 1792 vero

202 1827 244 1862 in
269 1826 387 1862 variis
415 1823 643 1859 animalibus
670 1829 752 1857 tuln
780 1822 1010 1858 vertebratis
1037 1829 1118 1858 tum
1148 1824 1328 1859 moluscis
1357 1836 1403 1859 eo
1430 1825 1550 1871 magis
1581 1824 1715 1859 officiis
1742 1824 1819 1859 suis
1845 1823 1961 1869 fungi,

205 1903 278 1939 quo
305 1893 431 1927 minus
457 1890 564 1932 haec,
594 1895 631 1924 et
657 1890 742 1925 vice
770 1900 893 1924 versa.
948 1889 1048 1933 Quin
1076 1891 1194 1926 etiam
1223 1892 1538 1935 observaverunt,
1564 1891 1605 1925 in
1631 1891 1752 1926 variis
1778 1891 1854 1926 illis
1879 1891 1961 1924 ani-

205 1959 368 1995 malibus
391 1957 510 2004 hepar
538 1967 583 1990 eo
612 1956 733 1990 maius
762 1967 856 2000 esse,
886 1968 959 2004 quo
982 1957 1107 1991 minor
1135 1968 1361 2003 organorum
1389 1958 1652 2006 respirationis
1679 1963 1896 2005 apparatus,
1922 1963 1961 1992 et

202 2027 285 2062 vice
310 2036 433 2061 versa.
489 2023 633 2067 Quibus
661 2024 993 2059 observationibus
1022 2023 1141 2059 fretus
1173 2024 1206 2058 si
1240 2036 1339 2060 nunc
1362 2026 1412 2062 ad
1449 2027 1627 2061 altiorum
1665 2024 1841 2060 ordinum
1879 2025 1959 2058 ani—

202 2092 319 2127 malia
353 2092 553 2127 articulata
589 2102 658 2125 nos
689 2091 1007 2133 converterimus,
1033 2091 1264 2136 videbimus,
1294 2093 1430 2130 cadem
1459 2106 1554 2141 quae
1582 2092 1697 2128 modo
1733 2091 1780 2126 de
1812 2091 1959 2126 anima-

201 2156 300 2195 libus
334 2160 563 2194 vertebratis
598 2164 636 2192 et
664 2158 856 2193 molluscis
882 2159 1042 2204 protuli,
1080 2158 1127 2193 de
1164 2159 1239 2194 illis
1265 2172 1414 2208 quoque
1448 2162 1588 2197 valere.
1649 2159 1692 2193 In
1723 2158 1770 2193 iis
1804 2157 1959 2192 insectis

202 2227 323 2268 enim,
350 2237 445 2272 quae
464 2226 625 2262 tracheis
649 2225 778 2258 acrem
799 2223 951 2268 ducunt,
982 2237 1215 2273 quorumque
1242 2239 1355 2263 omne
1381 2240 1514 2275 corpus
1538 2228 1584 2262 ab
1606 2227 1689 2273 ipso
1724 2227 1811 2259 aere
1837 2230 1958 2259 atmo-

201 2293 395 2340 sphaerico
416 2298 654 2341 permeatur,
683 2302 822 2337 organa
845 2291 923 2333 illa,
953 2303 1048 2338 quae
1080 2304 1147 2339 pro
1176 2293 1315 2340 hepate
1334 2295 1463 2330 haberi
1490 2296 1648 2343 possint,
1671 2293 1852 2328 minimae
1871 2297 1955 2326 sunt

288 2506 318 2543 *)
341 2502 392 2535 De
414 2503 639 2537 alimentorum
664 2501 880 2534 concoctione.
905 2501 1013 2534 Berol.
1039 2504 1133 2535 1834.
1156 2502 1235 2545 rag.
1260 2506 1327 2536 108.
