2150 2904
1031 241 1078 274 32

179 355 353 399 videtur,
387 351 489 388 haud
523 349 719 385 absimilis.
770 348 816 385 In
851 348 1042 383 anteriore
1077 347 1142 383 vel
1173 346 1388 393 angustiore
1423 345 1630 395 pharyngis
1661 352 1771 395 parte
1814 355 1935 382 mem-

180 422 297 458 brana
322 421 389 455 illa
415 418 544 452 multis
570 416 745 463 praedita
773 421 832 451 est
858 415 1060 450 tuberculis
1086 415 1274 457 minimis,
1308 414 1445 461 nigris,
1473 414 1641 457 corneis,
1668 413 1861 450 conoideis
1897 417 1937 448 et

179 489 220 523 in
246 496 401 522 acervos
428 484 630 519 nonnullos
658 483 826 530 digestis,
855 483 985 530 ibique
1008 483 1093 529 ipsa
1117 483 1330 527 complures
1360 494 1497 529 easque
1521 491 1664 516 crassas
1691 480 1797 525 fingit
1817 480 1935 526 plicas

180 551 473 598 longitudinales
508 549 617 596 (Tab.
642 549 689 585 ΙΙ.
722 549 804 596 Fig.
833 553 867 592 2,
895 548 919 582 i.
954 547 1046 582 Tab.
1073 546 1135 582 Ill.
1171 547 1252 594 Fig.
1279 551 1301 583 9
1326 554 1364 583 et
1392 553 1450 592 10,
1476 549 1516 594 a)
1556 549 1596 583 in
1630 547 1777 593 reliqua
1811 548 1935 581 autem

180 619 260 653 eius
295 623 403 664 parte
439 628 601 664 aequam
635 616 791 652 omnino
827 617 989 651 exhibet
1016 615 1266 661 superficiem.
1319 615 1476 651 Praeter
1509 614 1704 650 tubercula
1728 612 1844 648 modo
1872 611 1938 647 de·

182 685 323 731 scripta
348 685 389 719 in
412 684 619 731 pharyngis
647 694 741 719 cavo
770 682 868 718 duae
897 683 1176 729 conspiciuntur
1204 681 1465 724 mandibulae,
1507 693 1601 729 quae
1630 680 1678 716 ad
1707 680 1870 716 formam
1900 683 1939 714 et

181 750 482 796 magnitudinem
510 761 623 797 pares
651 756 755 794 sunt,
784 761 1014 797 quarumque
1051 749 1173 784 altera
1206 761 1290 784 cum
1318 749 1476 792 dextra,
1513 749 1633 783 altera
1666 758 1749 783 cum
1786 745 1940 780 sinistra

179 817 384 864 pharyngis
411 823 519 864 parte
547 817 733 852 cohaeret.
760 816 867 862 (Tab.
895 817 958 851 ΙΙΙ.
985 816 1065 862 Fig.
1086 820 1144 858 10,
1165 829 1195 851 c.
1222 815 1313 851 Tab.
1330 814 1376 850 II.
1404 815 1484 861 Fig.
1504 814 1565 861 2.).
1592 813 1751 850 Constat
1777 819 1937 859 utraque

183 897 204 919 e
229 885 326 928 tela,
355 895 450 932 quae
477 883 612 918 dicitur
639 894 790 926 cornea,
817 884 984 919 colorem
1019 882 1134 918 habet
1164 884 1314 929 nigrum
1343 887 1408 917 aut
1443 881 1596 917 obscure
1633 881 1798 923 fuscum,
1825 884 1939 926 atque

182 962 320 986 uncum
346 951 466 986 refert
493 951 699 993 maiorem,
734 956 905 994 acutum,
943 957 982 986 et
1009 951 1116 997 apice
1143 950 1420 996 aliquantulum
1447 950 1643 984 inflexum.
1696 947 1740 982 In
1772 956 1938 982 concavo

181 1017 246 1053 vel
268 1017 450 1052 interiore
479 1018 558 1052 eius
584 1017 754 1063 margine
783 1019 945 1065 quinque
974 1024 1039 1052 aut
1066 1028 1139 1052 sex
1164 1017 1365 1064 perparvi,
1400 1017 1500 1052 acuti
1528 1023 1567 1051 et
1593 1017 1634 1051 in
1659 1025 1774 1050 unam
1799 1013 1939 1048 seriem

183 1082 360 1129 dispositi
393 1083 643 1118 observantur
669 1084 819 1124 dentes,
860 1085 922 1127 qui
955 1094 1008 1116 ex
1037 1084 1173 1115 eadem
1201 1084 1384 1123 materia,
1420 1093 1492 1127 qua
1516 1082 1663 1126 reliqua
1695 1078 1940 1113 mandibulae

181 1161 281 1195 pars,
310 1148 513 1183 constructi
540 1155 638 1182 sunt.
690 1146 936 1184 Mandibulae
960 1147 1077 1181 radix
1102 1147 1143 1180 in
1167 1147 1348 1180 alterutro
1378 1145 1584 1191 pharyngis
1610 1145 1759 1191 pariete
1778 1143 1940 1187 laterali,

183 1220 221 1249 et
248 1214 401 1261 quidem
427 1212 528 1248 haud
555 1214 688 1260 procul
714 1224 736 1248 a
759 1212 970 1260 posteriore
1000 1211 1080 1245 eius
1109 1217 1286 1246 extrema
1312 1218 1435 1258 parte,
1461 1212 1538 1246 alte
1567 1216 1625 1246 est
1655 1211 1807 1246 inserta.
1850 1210 1941 1245 Par-

182 1293 274 1317 vum
309 1287 436 1316 autem
465 1290 623 1324 cavum,
658 1291 730 1326 quo
760 1280 841 1314 eius
866 1278 980 1312 radix
1018 1284 1077 1313 est
1102 1278 1299 1325 praedita,
1331 1279 1507 1325 proprius
1540 1277 1700 1324 parietis
1726 1277 1828 1311 illius
1853 1287 1941 1322 pro·

183 1358 321 1390 cessus,
349 1347 490 1393 quippe
521 1356 573 1380 ex
598 1356 670 1391 quo
698 1346 821 1380 omnis
849 1341 1070 1379 mandibula
1096 1351 1276 1390 generata
1303 1356 1385 1379 esse
1408 1345 1599 1387 videatur,
1629 1345 1773 1389 explet.

355 1412 532 1458 Organon
564 1411 611 1446 de
638 1424 710 1458 quo
742 1412 931 1458 loquimur
963 1421 1031 1445 sua
1067 1416 1201 1457 sponte
1229 1411 1281 1446 ita
1308 1412 1451 1447 inverti
1488 1416 1527 1446 et
1561 1409 1690 1444 exseri
1721 1414 1868 1456 potest,
1898 1415 1943 1444 ut

184 1479 421 1526 ampliorem,
449 1479 489 1512 in
515 1478 609 1513 duos
638 1479 797 1514 annulos
826 1477 1009 1519 divisam,
1037 1482 1076 1510 et
1100 1478 1199 1511 ultra
1224 1477 1309 1523 ipsa
1330 1478 1522 1512 tentacula
1549 1476 1823 1525 aliquantulum
1853 1487 1941 1523 pro-

183 1546 395 1580 minentem
422 1543 566 1578 referat
591 1544 856 1591 proboscidem
885 1542 994 1589 (Tab.
1022 1541 1067 1576 II.
1093 1541 1174 1587 Fig.
1192 1546 1227 1584 3,
1245 1542 1294 1588 b),
1323 1545 1403 1579 eius
1430 1543 1675 1580 mandibulae
1702 1554 1795 1579 vero
1824 1554 1941 1589 usque

184 1611 234 1646 ad
266 1610 436 1646 radicem
472 1608 712 1643 denudentur
751 1615 862 1655 atque
892 1620 911 1642 e
939 1606 1163 1655 proboscide
1197 1608 1264 1642 illa
1294 1610 1405 1655 longe
1439 1609 1727 1655 protendantur.
1763 1609 1869 1655 (Tab.
1896 1609 1942 1645 Π.

183 1676 265 1722 Fig.
294 1677 329 1718 3,
358 1675 419 1719 m).
470 1674 674 1710 Praeterea
697 1676 961 1718 mandibulae,
993 1679 1126 1721 utpote
1155 1685 1251 1720 quae
1276 1681 1469 1722 tempore,
1505 1685 1577 1721 quo
1613 1675 1736 1709 omnis
1759 1676 1940 1721 pharynx

183 1743 225 1778 in
252 1742 418 1789 corporis
446 1752 540 1778 cavo
567 1742 674 1785 latet,
701 1743 758 1777 ita
784 1748 870 1777 suut
897 1743 1017 1784 sitae,
1052 1746 1094 1775 ut
1119 1741 1240 1776 altera
1267 1743 1427 1777 alterum
1465 1741 1616 1788 oblique
1643 1741 1942 1787 transgrediatur

187 1809 375 1855 (Tab.III.
402 1808 484 1855 Fig.
505 1809 579 1854 10),
607 1815 699 1852 tum,
730 1820 844 1856 quum
872 1809 1054 1855 pharynx
1081 1810 1295 1851 invertitur,
1323 1809 1464 1843 sensim
1492 1808 1593 1844 inter
1612 1821 1652 1844 se
1670 1809 1724 1843 ita
1742 1807 1939 1843 discedere

185 1878 321 1919 solent,
347 1882 391 1911 ut
414 1882 609 1923 postremo
639 1882 810 1923 apertam
839 1875 1049 1910 exhibeant
1074 1875 1277 1922 forcipem,
1305 1887 1507 1923 earumque
1532 1877 1659 1923 apices
1693 1876 1802 1921 longe
1837 1876 1941 1910 inter

186 1955 226 1978 se
256 1943 408 1978 distent.
462 1941 544 1985 Quo
572 1943 691 1988 magis
717 1943 830 1988 igitur
854 1942 1034 1989 pharynx
1060 1942 1275 1985 invertitur,
1300 1954 1345 1977 eo
1372 1943 1492 1989 magis
1518 1943 1659 1978 vermis
1686 1942 1807 1976 nostri
1832 1952 1940 1976 man-

188 2008 339 2044 dibulae
366 2009 468 2045 inter
494 2021 534 2045 se
564 2008 782 2054 discedere,
811 2021 883 2056 quo
911 2010 1031 2055 magis
1053 2020 1147 2045 vcro
1174 2010 1379 2045 retrahitur
1410 2014 1448 2043 et
1482 2007 1705 2050 revertitur,
1741 2018 1786 2042 eo
1819 2007 1940 2054 magis

186 2082 315 2123 partes
340 2076 430 2112 illae
457 2077 556 2111 coire
584 2077 727 2120 solent,
761 2077 816 2111 ita
841 2083 884 2111 ut
912 2081 1105 2123 postremo
1134 2079 1254 2112 altera
1280 2087 1410 2111 earum
1436 2075 1595 2110 alteram
1630 2073 1783 2121 oblique
1817 2079 1939 2109 trans-

189 2142 390 2187 grediatur.
444 2142 549 2186 Quae
585 2155 697 2190 quum
731 2144 786 2178 ita
816 2154 856 2178 se
884 2143 1066 2186 habeant,
1101 2144 1192 2180 inde
1220 2144 1330 2179 facile
1358 2149 1484 2191 patet,
1518 2140 1747 2184 Nan-eidem,
1784 2141 1816 2175 si
1850 2139 1939 2186 quid

191 2210 363 2245 alimenti
390 2211 576 2257 arripere,
614 2210 799 2247 devorare
836 2215 873 2245 et
902 2209 1090 2245 dissecare
1124 2212 1239 2254 velit,
1274 2211 1378 2246 nullo
1416 2210 1490 2243 alio
1532 2207 1648 2243 modo
1682 2208 1752 2242 hoc
1788 2206 1937 2241 efficere

189 2284 314 2320 posse,
341 2278 415 2312 nisi
443 2288 501 2320 eo,
529 2277 630 2324 quod
656 2277 889 2324 pharyngem
919 2284 1074 2312 exserat
1101 2284 1139 2314 et
1158 2278 1337 2314 retrahat.
1365 2275 1669 2311 Mandibularum
1691 2284 1801 2321 quem
1821 2272 1937 2308 modo

192 2340 376 2388 descripsi
408 2350 552 2379 motum
587 2355 740 2392 semper
776 2345 928 2392 quidem
965 2345 1237 2390 animadverti,
1274 2355 1388 2391 quum
1422 2343 1601 2390 pliarynx
1639 2343 1713 2384 ita,
1750 2346 1792 2375 ut
1824 2351 1937 2388 supra

192 2408 370 2453 exposui,
397 2410 624 2455 mutabatur,
650 2412 751 2447 haud
772 2423 856 2447 raro
874 2418 1005 2447 tamen
1029 2412 1144 2447 etiam
1162 2411 1376 2454 observavi,
1402 2417 1531 2458 partes
1548 2409 1645 2451 illas,
1673 2418 1746 2454 quo
1764 2412 1936 2454 tempore
1986 2445 1990 2448 .

191 2483 342 2517 prorsus
371 2482 549 2510 exsertae
574 2484 692 2523 erant,
721 2478 875 2514 alternis
902 2478 1061 2524 vicibus,
1087 2480 1231 2526 pariter
1259 2484 1370 2525 atque
1398 2477 1698 2523 coleopterorum
1720 2479 1759 2509 et
1774 2473 1933 2508 aliorum
