2150 2904
1064 253 1110 284 48

222 361 299 396 utri
330 357 532 395 branchiae
566 360 624 389 est
656 353 883 398 destinatus,
911 355 1008 389 alter
1032 367 1126 392 vero
1152 363 1310 393 tractum
1347 356 1614 392 intestinorum
1646 356 1755 403 petit.
1786 354 1894 402 (Tab.
1921 353 1969 390 11.

227 427 308 472 Fig.
335 429 374 467 7;
400 423 479 467 Fig.
500 421 580 464 S,li‚
597 421 631 465 k,
659 421 698 466 k;
725 421 806 468 Fig.
837 426 894 465 11,
923 423 984 467 m).
1012 422 1157 458 Eadem
1185 425 1318 460 valent
1346 424 1392 459 de
1420 424 1467 458 iis
1493 423 1621 466 ramiS,
1652 423 1716 468 qui
1741 422 1790 458 ad
1816 422 1969 456 ultimos

230 492 387 528 annulos
419 492 622 535 pertin-ent.
683 489 832 534 Reliqui
868 491 1092 525 autem-vel
1131 492 1351 526 intermedii
1393 492 1490 526 rami
1529 491 1569 525 in
1611 495 1685 523 tres
1728 488 1843 523 divisi
1884 493 1971 523 sunt

225 557 391 593 surculos
417 555 584 601 (Tab·.11.
611 555 691 601 Fig.
708 558 747 598 73
769 553 850 600 Fig.
871 559 928 598 11,
955 555 1016 602 B.)
1043 568 1199 603 quorum
1226 570 1320 593 unus
1348 558 1508 592 alterum
1536 561 1676 590 tractus
1702 554 1969 593 intestinorum

225 626 322 659 latus
349 624 464 670 petit,
498 624 573 658 duo
608 630 735 658 autem
767 622 943 668 paralleli
978 622 1057 657 fere
1087 625 1280 659 exteriora
1306 634 1438 660 versus
1464 622 1644 664 tendunt,
1677 628 1789 668 atque
1817 627 1898 655 tum
1930 619 1971 654 in

225 690 430 732 branchiis,
456 698 535 726 tum
562 692 603 726 in
623 689 807 725 inferiore
836 689 1001 735 corporis
1027 690 1172 736 pariete
1201 691 1467 727 dissolvuntur.
1520 689 1684 731 Surculi,
1713 689 1776 735 qni
1804 686 1852 721 ad
1878 697 1971 722 ven-

224 757 397 792 triculum
439 758 649 803 pertinent,
691 756 843 801 obliqua
878 756 944 791 via
980 756 1029 791 ad
1068 758 1317 803 posteriorem
1360 758 1441 792 eius
1483 756 1770 791 extremitatem
1813 753 1975 789 tendunt

221 822 334 868 (Tab.
356 821 401 856 II.
430 821 509 868 Fig.
535 825 574 867 43
609 822 689 868 Fig.
715 826 748 864 8,
778 821 831 864 [εξ
860 820 914 864 11³⁶,
943 821 1024 866 kz),
1058 824 1119 870 qui
1160 835 1251 860 vero
1286 824 1334 858 ad
1367 824 1590 858 intestinum
1624 822 1836 867 pertinent,
1869 826 1973 856 recta

220 889 304 923 fere
329 890 396 925 via
418 888 663 924 adscendunt.
699 886 824 930 Varii,
852 888 899 923 de
924 889 1059 935 quibus
1085 890 1199 925 modo
1227 890 1425 936 egisvasi's
1454 888 1636 925 venti-alis
1662 888 1759 923 rami
1788 889 1828 922 in
1855 887 1972 924 variis

222 958 389 1003 corporis
415 955 587 1002 partibus
615 966 698 990 cum
725 955 773 989 iis
802 954 971 989 eiusdem
999 958 1147 1001 generis
1174 957 1302 998 ramis,
1332 955 1395 1002 qui
1423 966 1507 989 cum
1544 965 1635 991 vase
1674 955 1814 989 dorsali
1840 952 1974 988 cohae-

222 1028 326 1066 rent,
352 1033 531 1057 vasorum
559 1021 795 1067 capillarium
824 1032 896 1066 ope
922 1022 978 1056 ita
1005 1028 1091 1057 sunt
1117 1023 1157 1057 in
1184 1023 1422 1064 commercio,
1450 1029 1492 1057 ut
1518 1023 1709 1067 sanguinis
1734 1022 1844 1056 latex
1868 1019 1975 1054 facil-

221 1088 312 1122 limo
347 1087 499 1131 negotio
534 1095 587 1119 ex
619 1085 677 1119 his
710 1085 751 1119 in
785 1086 871 1118 illos
907 1088 1067 1119 transire
1095 1089 1217 1132 possit
1247 1094 1286 1121 et
1319 1089 1402 1122 vice
1431 1098 1554 1122 versa.
1595 1087 1651 1121 vIn
1676 1088 1810 1121 ultimo
1846 1093 1973 1121 autem

222 1153 362 1189 annulo
398 1152 558 1185 aliorum
591 1149 764 1185 intestini
799 1162 990 1186 ramorum
1025 1153 1323 1197 sanguiferorum
1361 1153 1444 1187 loco
1479 1153 1649 1198 simplex
1682 1153 1872 1200 reperitur
1894 1157 1973 1188 'vas

223 1219 423 1260 annulare,
459 1217 559 1263 quod
588 1227 657 1253 vas
694 1216 842 1252 dorsale
877 1229 960 1252 cum
986 1219 1161 1254 ventrale
1196 1218 1330 1253 intime
1364 1219 1508 1263 iungit,
1544 1219 1716 1265 qnodque
1749 1218 1972 1253 intestinum

222 1284 428 1321 circumdat
455 1282 687 1330 et-includit.
740 1282 881 1317 Verum
917 1284 1020 1318 enim
1045 1295 1139 1320 vero
1174 1286 1368 1319 maximus
1399 1285 1568 1319 omnium
1605 1296 1734 1319 eorum
1768 1295 1972 1326 ramorum,

224 1353 288 1400 qui
313 1351 362 1386 ad
388 1360 456 1386 vas
480 1348 652 1385 ventrale
676 1349 882 1395 pertinent,
910 1349 1004 1382 nulli
1030 1350 1133 1384 vasis
1161 1349 1319 1383 dorsalis
1346 1361 1452 1384 ramo
1479 1350 1697 1396 respondet.
1724 1351 1973 1385 proficiscitur

216 1419 262 1454 >in
291 1423 423 1464 quarto
451 1415 618 1462 corporis
646 1416 785 1450 annulo
815 1426 867 1450 ex
892 1415 975 1461 ipso
1001 1415 1066 1449 illo
1095 1426 1186 1450 vase
1215 1414 1323 1460 (Tab.
1350 1415 1394 1450 ΙΙ.
1421 1416 1502 1461 Fig.
1521 1420 1554 1459 S,
1581 1416 1632 1460 εἴ),
1659 1416 1759 1451 haud
1786 1416 1841 1450 ita
1865 1416 1971 1452 brevi

223 1484 382 1519 decursu
407 1481 610 1528 pharyngis
636 1482 887 1527 posteriorem
916 1482 1014 1527 petit
1040 1481 1338 1523 extremitatem,
1366 1482 1464 1516 infra
1492 1493 1576 1517 eam
1602 1482 1814 1529 posteriora
1838 1492 1970 1517 versus

221 1549 436 1590 inflectitur,
461 1553 571 1593 atque
599 1547 640 1581 in
666 1546 759 1581 duos
788 1547 949 1582 discedit
969 1546 1153 1588 ramulOS,
1186 1558 1342 1593 quorum
1378 1549 1545 1583 anterior
1575 1550 1810 1596 pharyngem
1843 1549 1971 1589 intrat,

221 1614 410 1662 posterior
441 1613 483 1647 in
515 1611 717 1648 ventriculi
753 1611 855 1646 linea
895 1611 1075 1646 mediana
1115 1611 1336 1646 intestinum
1375 1625 1505 1648 versus
1538 1615 1680 1656 tendit,
1726 1625 1799 1659 qua
1834 1614 1897 1650 via
1930 1613 1971 1648 in

224 1679 352 1726 organi
376 1677 485 1712 huius
511 1688 617 1712 usuln
648 1682 686 1710 et
712 1676 957 1711 dextrorsum
982 1682 1019 1710 et
1045 1676 1302 1711 sinistrorsum
1326 1678 1528 1713 nonnullos
1552 1679 1691 1713 emittit
1717 1680 1893 1713 surculos.
1920 1699 1971 1705 --

222 1748 283 1782 De
311 1744 518 1780 Nereidum
545 1749 754 1789 systemate
783 1753 926 1779 venoso
953 1742 1140 1788 reliquum
1168 1748 1236 1785 est,
1258 1749 1300 1776 ut
1326 1744 1494 1787 offeram,
1520 1746 1560 1779 in
1588 1756 1632 1779 eo
1660 1745 1833 1780 valvulas
1861 1745 1968 1787 tales,

224 1814 352 1861 quales
381 1811 422 1846 in
451 1810 587 1846 eodem
616 1809 839 1844 animalium
864 1808 1168 1844 vertebratorum
1183 1815 1390 1854 systemate
1408 1810 1669 1853 observantur,
1696 1811 1809 1856 plane
1826 1809 1970 1844 deesse.

389 1878 542 1913 Praeter
567 1882 693 1922 partes
721 1877 798 1910 iam
825 1875 1032 1921 descriptas
1059 1881 1218 1921 quatuor
1245 1876 1343 1911 aliae
1377 1877 1644 1920 inveniuntur,
1673 1886 1767 1923 quae
1795 1874 1970 1910 Nereidis

223 1945 423 1992 systemati
457 1943 669 1989 sanguifero
703 1940 1012 1977 adnumerandae
1046 1948 1141 1977 sunt.
1201 1941 1342 1977 Locum
1382 1943 1525 1977 habent
1563 1944 1605 1978 in
1639 1944 1763 1978 antica
1804 1941 1970 1988 corporis

223 2012 389 2058 regione,
414 2021 484 2057 per
506 2009 613 2057 paria
641 2014 726 2043 sunt
752 2008 979 2055 dispositae,
1005 2020 1197 2044 ramorum
1224 2010 1491 2044 nonnullorum
1519 2020 1592 2056 ope
1614 2020 1684 2045 vas
1708 2007 1857 2042 dorsale
1885 2017 1968 2041 cum

224 2077 390 2114 ventrali
417 2076 655 2120 coniungunt,
683 2081 720 2109 et
747 2080 905 2121 quatuor
933 2075 1118 2110 exhibent
1142 2075 1236 2109 folia
1251 2088 1270 2111 e
1288 2076 1468 2110 crassiore
1484 2080 1521 2109 et
1546 2075 1716 2110 molliore
1733 2073 1967 2115 membrana,

224 2151 336 2191 atque
365 2156 384 2178 e
415 2152 592 2179 vasorum
626 2142 924 2189 sanguiferorum
959 2142 1122 2189 simplici
1153 2148 1235 2177 rete
1271 2147 1491 2178 constructa.
1551 2140 1711 2187 Propter
1740 2139 1964 2186 singularem

223 2211 318 2245 hanc
346 2214 566 2244 structuram
582 2214 709 2255 partes
727 2219 790 2242 eas
818 2220 839 2242 ο
856 2218 1000 2254 rgana
1033 2208 1300 2243 reticulata
1327 2207 1488 2254 appello.
1515 2206 1625 2241 Duae
1652 2218 1780 2241 earum
1797 2205 1967 2240 inferiori

225 2275 389 2321 corporis
423 2274 561 2322 parieti
593 2275 835 2317 incumbunt,
871 2274 970 2310 inter
1005 2281 1116 2322 caput
1152 2280 1190 2310 et
1220 2279 1390 2321 quartum
1427 2272 1595 2321 corporis
1629 2273 1808 2307 annulum
1841 2271 1964 2307 locum

224 2339 384 2382 habent,
416 2340 513 2375 haud
549 2342 678 2388 procul
710 2342 811 2377 inter
838 2351 878 2375 se
916 2341 1076 2386 distant,
1110 2348 1222 2389 atque
1258 2340 1350 2376 duas
1384 2340 1634 2387 triangulares
1673 2337 1754 2371 sere
1795 2336 1965 2372 referunt

225 2407 396 2442 laminas.
426 2405 533 2450 (Tab.
559 2407 602 2441 11.
636 2407 716 2454 Fig.
745 2411 778 2451 6,
807 2408 838 2452 b,
865 2408 894 2443 b.
927 2408 1008 2455 Fig.
1038 2413 1071 2453 8,
1095 2407 1157 2458 ff.
1189 2407 1281 2443 Tab.
1307 2405 1369 2440 111.
1398 2407 1478 2454 Fig.
1508 2405 1588 2449 14).
1623 2402 1825 2450 Utriusque
1861 2412 1964 2449 apex

226 2475 265 2508 in
294 2472 521 2507 anteriorem
549 2473 650 2507 vasis
678 2475 859 2510 ventralis
886 2476 1020 2511 transit
1048 2475 1347 2516 extremitatem,
1375 2474 1605 2519 reliquorum
1632 2471 1852 2516 angulorum
1871 2478 1962 2507 vero
