2150 2904
1122 20 1190 86 Ψ
1219 75 1226 80 ,

1033 238 1082 271 46

186 347 311 396 colligi
345 353 490 397 potest,
526 344 673 391 generis
704 340 884 381 Nereidis
916 344 1119 380 nonnullas
1154 342 1299 390 species
1337 351 1561 388 organorum
1595 341 1746 378 illorum
1783 343 1930 380 auxilio

185 418 278 453 lucis
306 416 491 452 actionem
516 411 668 458 quidem
695 412 906 460 percipere,
935 411 1088 458 eiusque
1117 409 1246 446 varios
1273 408 1408 454 gradus
1432 407 1675 456 aliquomodo
1690 409 1932 457 distinguere,

184 494 311 532 rerum
336 481 501 515 formam
526 484 564 512 et
584 479 756 532 ¹colorem
783 485 913 523 tamen
937 477 1040 514 haud
1065 487 1251 524 quaquam
1271 485 1506 521 cognoscere,
1531 475 1627 512 alias
1641 476 1788 523 species
1806 483 1934 512 autem

189 548 379 590 oculorum
407 545 554 581 auxilio
583 546 700 583 etiam
727 546 1019 582 rerum-formas
1048 554 1250 592 agnoscere
1268 553 1399 591 posse.

272 636 519 669 Annotatio.
560 634 762 669 Nereidis
796 636 1029 669 Dumerilii
1063 633 1147 666 oculi
1186 634 1225 665 ab
1260 633 1374 665 iisdem
1407 633 1616 666 Nereidis
1652 631 1874 665 lobulatae
1903 637 1938 663 et

313 695 510 727 Nereidis
531 694 803 737 pulsatoriae
823 696 967 738 partibus
991 704 1029 724 eo
1054 703 1178 735 quoque
1202 691 1395 733 discrepant,
1418 691 1503 733 quod
1526 703 1591 724 non
1612 691 1762 733 globulos
1784 690 1939 728 referunt,

315 753 371 784 sed
389 753 537 784 fabarum
557 754 624 784 fere
647 753 766 786 habent
787 754 930 786 formam.
952 751 1042 783 Illius
1055 750 1205 782 Nereidis
1227 757 1334 782 nutem
1357 759 1478 791 organa
1500 751 1589 781 visus
1612 760 1706 792 quam
1728 749 1941 780 amicissimus

312 810 343 841 J.
367 809 536 841 MUELLER
556 817 772 852 perscrutatus
795 819 854 850 est,
877 822 1035 853 quaeque,
1057 815 1208 851 quantum
1238 819 1281 839 ex
1303 809 1395 839 icone
1418 807 1458 838 ab
1476 818 1515 838 eo
1537 807 1663 849 prolata
1685 806 1793 847 colligi
1821 811 1942 847 potest,

314 878 386 899 cnm
415 867 596 900 Nereide
638 868 862 901 Dumerilii
889 869 1028 911 aliquam
1062 866 1159 900 habet
1188 865 1449 904 similitudinem,
1476 864 1627 906 globulos
1653 863 1829 901 referrent,
1876 862 1939 894 nisi

320 927 465 958 exterior
486 938 593 960 earum
614 937 689 968 pars
710 938 845 970 aequam
865 927 932 959 fere
956 925 1126 960 exhiberet
1147 924 1361 969 superficiem.

356 1011 388 1059 ξ.
418 1016 474 1047 11.
525 1011 585 1046 De
626 1016 836 1058 systemate
879 1022 1059 1049 vasorum
1101 1011 1402 1057 sanguiferorum
1436 1011 1531 1047 haec
1568 1010 1772 1045 observata
1807 1007 1942 1043 habeo.

193 1079 266 1114 Per
291 1084 412 1113 totam
441 1078 607 1122 corporis
633 1078 911 1121 longitudinem
938 1078 1006 1112 sub
1034 1077 1139 1110 dorsi
1166 1083 1249 1110 cute
1281 1076 1382 1111 inter
1409 1077 1491 1110 eius
1523 1075 1713 1110 musculos
1741 1071 1945 1119 longitudi-

192 1144 311 1186 nales,
330 1143 458 1187 itaque
485 1142 526 1176 in
551 1141 654 1178 dorsi
680 1142 783 1177 linea
808 1142 1001 1185 m‘ediana,
1023 1152 1093 1178 vas
1117 1141 1280 1176 decurrit
1304 1152 1383 1176 non
1406 1142 1463 1176 ita
1488 1140 1642 1188 quidem
1658 1146 1786 1183 tenue,
1813 1147 1946 1175 versus

193 1208 446 1258 posteriorem
473 1208 759 1242 extremitatem
787 1213 918 1242 tamen
934 1207 1053 1254 magis
1069 1206 1263 1253 magisque
1281 1206 1530 1241 deminutum.
1557 1204 1668 1251 (Tab.
1686 1205 1732 1240 H.
1758 1204 1840 1250 Fig.
1858 1207 1894 1246 2,
1903 1216 1947 1252 p3

195 1275 277 1320 Fig.
299 1275 334 1316 6,
362 1284 402 1316 a3
426 1273 507 1319 Fig.
537 1278 570 1315 8,
595 1273 620 1316 ἶ,
639 1272 690 1318 l.)
733 1273 856 1324 'Dorsi
885 1277 1011 1309 cutem
1033 1272 1100 1307 -ita
1133 1273 1359 1316 translucet,
1397 1277 1440 1307 ut
1474 1273 1592 1308 oculis
1629 1272 1707 1307 iam
1748 1281 1818 1318 per
1862 1281 1949 1305 eam

199 1341 342 1389 optime
375 1338 542 1384 conspici
573 1338 704 1384 possit.
743 1336 852 1384 (Tab.
879 1336 942 1376 ΙΙΙ.
970 1336 1056 1382 -Fig.
1084 1340 1142 1379 13,
1171 1335 1247 1383 a.).·
1267 1336 1309 1371 Si
1341 1338 1484 1372 vermis
1522 1343 1732 1373 contractus
1764 1341 1839 1379 est,
1879 1347 1948 1372 vas

198 1406 293 1443 illud
317 1405 474 1453 paulum
501 1403 665 1455 quidem,
694 1403 900 1439 multifarie
924 1408 1054 1438 tamen
1078 1402 1266 1438 inflexum
1294 1408 1363 1446 est,
1389 1403 1449 1438 sin
1475 1409 1602 1438 autem
1619 1403 1686 1438 ille
1704 1413 1744 1437 se
1763 1402 1951 1443 extendit,

200 1474 303 1512 vasis
329 1472 501 1508 flexurae
524 1471 639 1517 plane
665 1470 875 1505 abolentur.
895 1467 1034 1505 Antica
1061 1469 1141 1504 eius
1164 1479 1254 1516 pars
1277 1468 1379 1503 intra
1405 1473 1518 1516 'caput
1544 1470 1585 1504 in
1611 1470 1739 1516 plures
1767 1468 1951 1505 dividitur

200 1549 342 1582 ramos,
361 1548 517 1585 quorum
545 1536 742 1573 decursum
768 1535 884 1582 paulo
909 1534 1068 1587 inferius
1092 1534 1264 1585 pluribus
1289 1545 1495 1581 exponam.
1519 1535 1565 1570 In
1577 1546 1804 1583 unoquoque
1824 1541 1951 1571 autem

201 1604 371 1652 corporis
395 1603 534 1637 annulo
563 1613 583 1653 e
608 1612 701 1652 vase
727 1599 873 1653 dorsaljl
899 1600 1010 1634 rectis
1038 1599 1182 1645 angulis
1211 1598 1285 1632 duo
1310 1601 1609 1646 progrediuntur
1632 1602 1744 1644 rami,
1771 1600 1881 1648 (Tab.
1907 1601 1953 1637 11.

202 1670 285 1716 Fig.
307 1671 342 1711 6,
368 1679 400 1711 e,
428 1678 467 1710 ες
494 1666 576 1712 Fig.
605 1669 667 1708 12;
695 1664 786 1700 Tab.
813 1662 932 1698 IILF
934 1665 981 1710 ig.
1010 1663 1082 1709 13.)
1118 1676 1276 1711 quorum
1313 1665 1408 1700 alter
1435 1663 1615 1702 dextrum
1642 1666 1738 1701 alter
1759 1667 1952 1703 sinistrum

205 1738 305 1773 latus
329 1743 462 1771 versus
488 1731 627 1776 tendit,
656 1730 829 1766 inferiori
856 1729 949 1764 cutis
976 1728 1135 1765 dorsalis
1162 1730 1274 1766 faciei
1299 1729 1504 1765 secundum
1530 1737 1651 1766 totam
1677 1732 1953 1778 longitudinem

207 1813 314 1838 suam
340 1798 532 1842 adhaeret,
559 1804 597 1834 et
623 1800 664 1833 in
689 1796 889 1833 branchiae
915 1806 1026 1843 quem
1053 1798 1153 1844 petit
1178 1803 1308 1833 trunco
1335 1797 1375 1832 in
1393 1797 1520 1845 plures
1535 1798 1666 1833 variae
1684 1799 1955 1845 magnitudinis

209 1867 393 1905 dividitur
419 1865 595 1900 ramulos.
620 1863 814 1900 Maximus
843 1852 971 1904 eorum
999 1862 1067 1897 sub
1095 1863 1332 1911 epidermide
1355 1863 1397 1898 in
1421 1863 1504 1910 ipso
1532 1863 1634 1898 corio
1649 1864 1688 1900 in
1708 1864 1782 1899 tria
1795 1864 1957 1900 discedit

209 1945 323 1976 vasa,
357 1943 515 1979 quorum
547 1931 620 1966 duo
657 1943 726 1968 vas
759 1930 909 1971 dorsale
942 1940 1077 1964 versus
1096 1929 1302 1966 'flectuntur
1328 1931 1429 1965 etin
1454 1929 1558 1965 dorsi
1595 1936 1677 1966 cute
1712 1928 1955 1974 evanescunt,

212 2001 368 2038 tertium
394 2009 487 2035 vero
512 1985 626 2044 idque
653 1997 820 2033 omnium
848 1994 1068 2032 maximum
1089 1994 1307 2032 branchiam
1322 1997 1450 2039 intrat,
1476 1996 1667 2043 variisque
1686 1996 1766 2031 eius
1785 1996 1956 2044 partibus

214 2077 325 2115 quem
352 2065 456 2101 ducit
476 2065 696 2110 sanguinem
723 2064 886 2110 largitur.

379 2130 524 2167 Anticis
557 2130 674 2166 tribus
712 2141 840 2165 eorum
876 2129 1119 2170 annulorum,
1164 2127 1228 2175 qui
1262 2137 1375 2178 caput
1406 2134 1630 2181 sequuntur,
1678 2130 1871 2177 exceptis,
1918 2130 1957 2164 in

218 2198 351 2245 quovis
387 2199 554 2244 eorporis
586 2197 725 2232 annulo
762 2196 836 2231 duo
871 2196 947 2231 alia
981 2197 1101 2242 eaque
1137 2205 1273 2242 magna
1298 2197 1543 2233 inveniuntur
1575 2205 1689 2238 vasa,
1723 2206 1820 2242 quae
1856 2194 1956 2230 haud

219 2265 349 2309 procul
373 2275 396 2299 a
420 2275 511 2300 vase
537 2263 677 2299 dorsali
704 2274 787 2298 cum
816 2261 892 2297 illis
922 2262 1002 2296 eius
1028 2262 1157 2306 ramis,
1182 2261 1229 2297 de
1257 2263 1389 2310 quibus
1415 2260 1530 2297 modo
1548 2262 1618 2308 egi,
1647 2261 1844 2296 coniuncta
1861 2265 1956 2295 sunt.

222 2326 360 2362 Omnia
384 2329 491 2366 huius
513 2330 659 2377 generis
686 2339 779 2366 vasa
802 2339 871 2375 per
892 2327 1000 2374 paria
1027 2327 1261 2364 descendunt
1287 2334 1521 2377 tractumque
1541 2327 1806 2363 intestinorum
1825 2332 1959 2373 petunt

224 2390 334 2437 [Tab.
359 2392 404 2427 ΙΙ.
448 2394 527 2440 Fig.
552 2400 586 2438 8,
613 2395 750 2438 n*,n'⁷⁶;
790 2394 870 2440 Fig.
899 2394 984 2439 12,].
1035 2394 1201 2429 Plurima
1238 2405 1368 2428 eorum
1410 2395 1517 2441 paria
1556 2395 1597 2429 in
1631 2392 1828 2439 disseptis‚
1863 2403 1957 2440 quae

222 2459 387 2505 corporis
414 2468 545 2494 cavum
572 2461 849 2507 in-complures
876 2459 1054 2497 dividunt
1079 2461 1210 2502 cellas,
1239 2460 1348 2496 brevi
1374 2460 1439 2496 via
1465 2459 1513 2494 ad
1540 2461 1663 2507 ipsum
1692 2470 1732 2494 se
1761 2458 1957 2494 conferunt
