<?xml version="1.0" encoding="UTF-8"?>
<!DOCTYPE html PUBLIC "-//W3C//DTD XHTML 1.0 Transitional//EN"
    "http://www.w3.org/TR/xhtml1/DTD/xhtml1-transitional.dtd">
<html xmlns="http://www.w3.org/1999/xhtml" xml:lang="en" lang="en">
 <head>
  <title>
</title>
<meta http-equiv="Content-Type" content="text/html;charset=utf-8" />
  <meta name='ocr-system' content='tesseract 3.04.00' />
  <meta name='ocr-capabilities' content='ocr_page ocr_carea ocr_par ocr_line ocrx_word'/>
</head>
<body>
  <div class='ocr_page' id='page_1' title='image "./henricirathkedeb00rath_0013.png"; bbox 0 0 2150 2904; ppageno 0'>
   <div class='ocr_carea' id='block_1_1' title="bbox 1062 257 1084 290">
    <p class='ocr_par' dir='ltr' id='par_1_1' title="bbox 1062 257 1084 290">
     <span class='ocr_line' id='line_1_1' title="bbox 1062 257 1084 290; baseline 0 0"><span class='ocrx_word' id='word_1_1' title='bbox 1062 257 1084 290; x_wconf 90' lang='grc'><strong>9</strong></span> 
     </span>
    </p>
   </div>
   <div class='ocr_carea' id='block_1_2' title="bbox 967 305 1174 315">
    <p class='ocr_par' dir='ltr' id='par_1_2' title="bbox 967 305 1174 315">
     <span class='ocr_line' id='line_1_2' title="bbox 967 305 1174 315; baseline 0 2589"><span class='ocrx_word' id='word_1_2' title='bbox 967 305 1174 315; x_wconf 95' lang='lat' dir='ltr'> </span> 
     </span>
    </p>
   </div>
   <div class='ocr_carea' id='block_1_3' title="bbox 179 361 1955 2604">
    <p class='ocr_par' dir='ltr' id='par_1_3' title="bbox 182 361 1955 882">
     <span class='ocr_line' id='line_1_3' title="bbox 185 361 1950 412; baseline 0.001 -12"><span class='ocrx_word' id='word_1_3' title='bbox 185 365 366 401; x_wconf 87' lang='lat' dir='ltr'>trimento</span> <span class='ocrx_word' id='word_1_4' title='bbox 394 368 524 399; x_wconf 87' lang='lat' dir='ltr'>autem</span> <span class='ocrx_word' id='word_1_5' title='bbox 550 363 739 401; x_wconf 85' lang='lat' dir='ltr'>inservire</span> <span class='ocrx_word' id='word_1_6' title='bbox 757 361 940 399; x_wconf 87' lang='lat' dir='ltr'>videntur</span> <span class='ocrx_word' id='word_1_7' title='bbox 968 362 1195 398; x_wconf 87' lang='lat' dir='ltr'>animalculo</span> <span class='ocrx_word' id='word_1_8' title='bbox 1223 368 1355 397; x_wconf 85' lang='lat' dir='ltr'>nostro</span> <span class='ocrx_word' id='word_1_9' title='bbox 1381 361 1636 405; x_wconf 81' lang='lat' dir='ltr'>Palaemonis,</span> <span class='ocrx_word' id='word_1_10' title='bbox 1666 374 1778 410; x_wconf 88' lang='lat' dir='ltr'>quem</span> <span class='ocrx_word' id='word_1_11' title='bbox 1806 365 1950 412; x_wconf 83' lang='lat' dir='ltr'>incolit,</span> 
     </span>
     <span class='ocr_line' id='line_1_4' title="bbox 185 429 1953 478; baseline 0.001 -11"><span class='ocrx_word' id='word_1_12' title='bbox 185 431 383 475; x_wconf 82' lang='lat' dir='ltr'>humores3</span> <span class='ocrx_word' id='word_1_13' title='bbox 413 430 557 465; x_wconf 81' lang='lat' dir='ltr'><strong>etenim</strong></span> <span class='ocrx_word' id='word_1_14' title='bbox 584 437 737 477; x_wconf 86' lang='lat' dir='ltr'>praeter</span> <span class='ocrx_word' id='word_1_15' title='bbox 762 431 876 467; x_wconf 92' lang='lat' dir='ltr'>villos</span> <span class='ocrx_word' id='word_1_16' title='bbox 909 441 1021 477; x_wconf 86' lang='lat' dir='ltr'>supra</span> <span class='ocrx_word' id='word_1_17' title='bbox 1050 429 1258 476; x_wconf 87' lang='lat' dir='ltr'>descriptos</span> <span class='ocrx_word' id='word_1_18' title='bbox 1292 429 1385 464; x_wconf 91' lang='lat' dir='ltr'>nihil</span> <span class='ocrx_word' id='word_1_19' title='bbox 1413 429 1518 465; x_wconf 87' lang='lat' dir='ltr'>aliud</span> <span class='ocrx_word' id='word_1_20' title='bbox 1546 441 1711 476; x_wconf 85' lang='lat' dir='ltr'>unquam</span> <span class='ocrx_word' id='word_1_21' title='bbox 1744 431 1785 465; x_wconf 90' lang='lat' dir='ltr'>in</span> <span class='ocrx_word' id='word_1_22' title='bbox 1811 431 1953 478; x_wconf 84' lang='lat' dir='ltr'>Bopyri</span> 
     </span>
     <span class='ocr_line' id='line_1_5' title="bbox 182 496 1953 545; baseline 0.001 -11"><span class='ocrx_word' id='word_1_23' title='bbox 182 498 395 534; x_wconf 89' lang='lat' dir='ltr'>ventriculo</span> <span class='ocrx_word' id='word_1_24' title='bbox 426 497 695 543; x_wconf 85' lang='lat' dir='ltr'>animadverti,</span> <span class='ocrx_word' id='word_1_25' title='bbox 723 498 799 533; x_wconf 89' lang='lat' dir='ltr'>nisi</span> <span class='ocrx_word' id='word_1_26' title='bbox 831 497 1010 541; x_wconf 87' lang='lat' dir='ltr'>fluidum,</span> <span class='ocrx_word' id='word_1_27' title='bbox 1045 497 1220 545; x_wconf 84' lang='lat' dir='ltr'>spissius,</span> <span class='ocrx_word' id='word_1_28' title='bbox 1256 496 1572 542; x_wconf 85' lang='lat' dir='ltr'>subpellucidum,</span> <span class='ocrx_word' id='word_1_29' title='bbox 1608 504 1646 532; x_wconf 93' lang='lat' dir='ltr'>et</span> <span class='ocrx_word' id='word_1_30' title='bbox 1667 498 1751 543; x_wconf 88' lang='lat' dir='ltr'>plus</span> <span class='ocrx_word' id='word_1_31' title='bbox 1776 498 1953 536; x_wconf 87' lang='lat' dir='ltr'>minusve</span> 
     </span>
     <span class='ocr_line' id='line_1_6' title="bbox 183 564 1954 612; baseline 0.002 -13"><span class='ocrx_word' id='word_1_32' title='bbox 183 564 325 602; x_wconf 81' lang='lat' dir='ltr'>album.</span> <span class='ocrx_word' id='word_1_33' title='bbox 381 565 480 608; x_wconf 81' lang='lat' dir='ltr'>Quin</span> <span class='ocrx_word' id='word_1_34' title='bbox 508 566 624 600; x_wconf 85' lang='lat' dir='ltr'>etiam</span> <span class='ocrx_word' id='word_1_35' title='bbox 652 566 746 600; x_wconf 90' lang='lat' dir='ltr'>mihi</span> <span class='ocrx_word' id='word_1_36' title='bbox 769 564 942 608; x_wconf 82' lang='lat' dir='ltr'>videtur,</span> <span class='ocrx_word' id='word_1_37' title='bbox 971 564 1018 600; x_wconf 90' lang='lat' dir='ltr'>de</span> <span class='ocrx_word' id='word_1_38' title='bbox 1048 576 1120 612; x_wconf 91' lang='lat' dir='ltr'>quo</span> <span class='ocrx_word' id='word_1_39' title='bbox 1145 564 1269 609; x_wconf 83' lang='lat' dir='ltr'>agitur</span> <span class='ocrx_word' id='word_1_40' title='bbox 1294 564 1528 599; x_wconf 87' lang='lat' dir='ltr'>ventriculus</span> <span class='ocrx_word' id='word_1_41' title='bbox 1556 564 1797 600; x_wconf 84' lang='lat' dir='ltr'>Palaemonis</span> <span class='ocrx_word' id='word_1_42' title='bbox 1825 577 1954 602; x_wconf 85' lang='lat' dir='ltr'>succos</span> 
     </span>
     <span class='ocr_line' id='line_1_7' title="bbox 185 630 1953 680; baseline 0.002 -13"><span class='ocrx_word' id='word_1_43' title='bbox 185 632 354 678; x_wconf 84' lang='lat' dir='ltr'>sugendo</span> <span class='ocrx_word' id='word_1_44' title='bbox 387 632 597 676; x_wconf 81' lang='lat' dir='ltr'>imbibere3</span> <span class='ocrx_word' id='word_1_45' title='bbox 633 632 777 667; x_wconf 81' lang='lat' dir='ltr'>etenim</span> <span class='ocrx_word' id='word_1_46' title='bbox 815 643 931 680; x_wconf 88' lang='lat' dir='ltr'>quum</span> <span class='ocrx_word' id='word_1_47' title='bbox 964 632 1117 667; x_wconf 91' lang='lat' dir='ltr'>laminis</span> <span class='ocrx_word' id='word_1_48' title='bbox 1153 630 1271 664; x_wconf 88' lang='lat' dir='ltr'>osseis</span> <span class='ocrx_word' id='word_1_49' title='bbox 1305 630 1420 676; x_wconf 88' lang='lat' dir='ltr'>plane</span> <span class='ocrx_word' id='word_1_50' title='bbox 1455 637 1594 674; x_wconf 87' lang='lat' dir='ltr'>careat,</span> <span class='ocrx_word' id='word_1_51' title='bbox 1626 632 1786 667; x_wconf 85' lang='lat' dir='ltr'>crassior</span> <span class='ocrx_word' id='word_1_52' title='bbox 1820 640 1859 669; x_wconf 90' lang='lat' dir='ltr'>et</span> <span class='ocrx_word' id='word_1_53' title='bbox 1892 646 1953 669; x_wconf 88' lang='lat' dir='ltr'>ro-</span> 
     </span>
     <span class='ocr_line' id='line_1_8' title="bbox 183 696 1955 746; baseline 0.002 -13"><span class='ocrx_word' id='word_1_54' title='bbox 183 699 353 743; x_wconf 86' lang='lat' dir='ltr'>bustior,</span> <span class='ocrx_word' id='word_1_55' title='bbox 389 711 500 746; x_wconf 90' lang='lat' dir='ltr'>quem</span> <span class='ocrx_word' id='word_1_56' title='bbox 536 699 655 735; x_wconf 80' lang='lat' dir='ltr'><strong>refert</strong></span> <span class='ocrx_word' id='word_1_57' title='bbox 682 700 868 743; x_wconf 81' lang='lat' dir='ltr'>sacculus,</span> <span class='ocrx_word' id='word_1_58' title='bbox 903 700 985 735; x_wconf 89' lang='lat' dir='ltr'>sine</span> <span class='ocrx_word' id='word_1_59' title='bbox 1027 700 1104 734; x_wconf 93' lang='lat' dir='ltr'>ullo</span> <span class='ocrx_word' id='word_1_60' title='bbox 1141 697 1421 744; x_wconf 89' lang='lat' dir='ltr'>impedimento</span> <span class='ocrx_word' id='word_1_61' title='bbox 1456 696 1674 733; x_wconf 84' lang='lat' dir='ltr'>alternatim</span> <span class='ocrx_word' id='word_1_62' title='bbox 1713 700 1883 735; x_wconf 82' lang='lat' dir='ltr'>contrahi</span> <span class='ocrx_word' id='word_1_63' title='bbox 1916 709 1955 738; x_wconf 87' lang='lat' dir='ltr'>et</span> 
     </span>
     <span class='ocr_line' id='line_1_9' title="bbox 185 764 1952 814; baseline 0.002 -14"><span class='ocrx_word' id='word_1_64' title='bbox 185 765 375 812; x_wconf 71' lang='lat' dir='ltr'>expandi,</span> <span class='ocrx_word' id='word_1_65' title='bbox 409 777 453 800; x_wconf 93' lang='lat' dir='ltr'>eo</span> <span class='ocrx_word' id='word_1_66' title='bbox 479 772 588 802; x_wconf 86' lang='lat' dir='ltr'>motu</span> <span class='ocrx_word' id='word_1_67' title='bbox 615 772 740 802; x_wconf 87' lang='lat' dir='ltr'>autem</span> <span class='ocrx_word' id='word_1_68' title='bbox 767 767 962 803; x_wconf 87' lang='lat' dir='ltr'>fluidiores</span> <span class='ocrx_word' id='word_1_69' title='bbox 990 765 1234 810; x_wconf 83' lang='lat' dir='ltr'>substantias,</span> <span class='ocrx_word' id='word_1_70' title='bbox 1262 776 1358 812; x_wconf 89' lang='lat' dir='ltr'>quae</span> <span class='ocrx_word' id='word_1_71' title='bbox 1394 771 1483 801; x_wconf 88' lang='lat' dir='ltr'>ante</span> <span class='ocrx_word' id='word_1_72' title='bbox 1510 764 1623 799; x_wconf 88' lang='lat' dir='ltr'>latius</span> <span class='ocrx_word' id='word_1_73' title='bbox 1648 764 1728 799; x_wconf 90' lang='lat' dir='ltr'>eius</span> <span class='ocrx_word' id='word_1_74' title='bbox 1756 767 1952 814; x_wconf 89' lang='lat' dir='ltr'>orificium,</span> 
     </span>
     <span class='ocr_line' id='line_1_10' title="bbox 183 832 940 882; baseline 0.004 -14"><span class='ocrx_word' id='word_1_75' title='bbox 183 842 224 868; x_wconf 88' lang='lat' dir='ltr'>os</span> <span class='ocrx_word' id='word_1_76' title='bbox 253 832 349 878; x_wconf 85' lang='grc' dir='ltr'>(11οο,</span> <span class='ocrx_word' id='word_1_77' title='bbox 377 840 588 876; x_wconf 87' lang='lat' dir='ltr'>versentur,</span> <span class='ocrx_word' id='word_1_78' title='bbox 615 834 768 869; x_wconf 87' lang='lat' dir='ltr'>sorbere</span> <span class='ocrx_word' id='word_1_79' title='bbox 797 841 940 882; x_wconf 86' lang='lat' dir='ltr'>potest.</span> 
     </span>
    </p>

    <p class='ocr_par' dir='ltr' id='par_1_4' title="bbox 181 900 1952 1346">
     <span class='ocr_line' id='line_1_11' title="bbox 348 900 1950 950; baseline 0.002 -14"><span class='ocrx_word' id='word_1_80' title='bbox 348 900 529 936; x_wconf 81' lang='lat' dir='ltr'>Fortasse</span> <span class='ocrx_word' id='word_1_81' title='bbox 547 902 683 948; x_wconf 91' lang='lat' dir='ltr'>aliquis</span> <span class='ocrx_word' id='word_1_82' title='bbox 707 909 829 949; x_wconf 88' lang='lat' dir='ltr'>putet,</span> <span class='ocrx_word' id='word_1_83' title='bbox 857 915 1037 950; x_wconf 81' lang='lat' dir='ltr'>organon,</span> <span class='ocrx_word' id='word_1_84' title='bbox 1066 901 1168 950; x_wconf 87' lang='lat' dir='ltr'>quod</span> <span class='ocrx_word' id='word_1_85' title='bbox 1194 901 1310 936; x_wconf 90' lang='lat' dir='ltr'>modo</span> <span class='ocrx_word' id='word_1_86' title='bbox 1334 902 1509 945; x_wconf 84' lang='lat' dir='ltr'>tractavi,</span> <span class='ocrx_word' id='word_1_87' title='bbox 1537 901 1699 936; x_wconf 89' lang='lat' dir='ltr'>aliorum</span> <span class='ocrx_word' id='word_1_88' title='bbox 1728 903 1950 940; x_wconf 88' lang='lat' dir='ltr'>animalium</span> 
     </span>
     <span class='ocr_line' id='line_1_12' title="bbox 182 966 1952 1018; baseline 0.003 -17"><span class='ocrx_word' id='word_1_89' title='bbox 182 966 368 1014; x_wconf 84' lang='lat' dir='ltr'>pharyngi</span> <span class='ocrx_word' id='word_1_90' title='bbox 388 967 639 1014; x_wconf 82' lang='lat' dir='ltr'>respondere:</span> <span class='ocrx_word' id='word_1_91' title='bbox 666 970 699 1003; x_wconf 88' lang='lat' dir='ltr'>si</span> <span class='ocrx_word' id='word_1_92' title='bbox 728 976 857 1004; x_wconf 89' lang='lat' dir='ltr'>autem</span> <span class='ocrx_word' id='word_1_93' title='bbox 873 970 1189 1013; x_wconf 84' lang='lat' dir='ltr'>consideraverit,</span> <span class='ocrx_word' id='word_1_94' title='bbox 1216 969 1313 1004; x_wconf 90' lang='lat' dir='ltr'>illud</span> <span class='ocrx_word' id='word_1_95' title='bbox 1338 980 1415 1003; x_wconf 91' lang='lat' dir='ltr'>non</span> <span class='ocrx_word' id='word_1_96' title='bbox 1443 968 1565 1003; x_wconf 88' lang='lat' dir='ltr'>solum</span> <span class='ocrx_word' id='word_1_97' title='bbox 1588 969 1752 1005; x_wconf 85' lang='lat' dir='ltr'>similem</span> <span class='ocrx_word' id='word_1_98' title='bbox 1781 973 1952 1018; x_wconf 88' lang='lat' dir='ltr'>corporis</span> 
     </span>
     <span class='ocr_line' id='line_1_13' title="bbox 182 1035 1951 1083; baseline 0.003 -14"><span class='ocrx_word' id='word_1_99' title='bbox 182 1041 332 1080; x_wconf 88' lang='lat' dir='ltr'>partem</span> <span class='ocrx_word' id='word_1_100' title='bbox 362 1046 545 1082; x_wconf 87' lang='lat' dir='ltr'>occupare</span> <span class='ocrx_word' id='word_1_101' title='bbox 569 1042 608 1071; x_wconf 90' lang='lat' dir='ltr'>et</span> <span class='ocrx_word' id='word_1_102' title='bbox 635 1048 719 1073; x_wconf 90' lang='lat' dir='ltr'>cum</span> <span class='ocrx_word' id='word_1_103' title='bbox 756 1049 802 1073; x_wconf 92' lang='lat' dir='ltr'>ea</span> <span class='ocrx_word' id='word_1_104' title='bbox 829 1048 912 1072; x_wconf 85' lang='lat' dir='ltr'>esse</span> <span class='ocrx_word' id='word_1_105' title='bbox 941 1038 1196 1081; x_wconf 88' lang='lat' dir='ltr'>coniunctum,</span> <span class='ocrx_word' id='word_1_106' title='bbox 1223 1043 1337 1083; x_wconf 91' lang='lat' dir='ltr'>atque</span> <span class='ocrx_word' id='word_1_107' title='bbox 1366 1035 1527 1070; x_wconf 91' lang='lat' dir='ltr'>aliorum</span> <span class='ocrx_word' id='word_1_108' title='bbox 1553 1042 1830 1073; x_wconf 87' lang='lat' dir='ltr'>crustaceorum</span> <span class='ocrx_word' id='word_1_109' title='bbox 1857 1050 1951 1075; x_wconf 86' lang='lat' dir='ltr'>ven-</span> 
     </span>
     <span class='ocr_line' id='line_1_14' title="bbox 181 1101 1950 1148; baseline 0.005 -14"><span class='ocrx_word' id='word_1_110' title='bbox 181 1101 371 1143; x_wconf 84' lang='lat' dir='ltr'>triculum,</span> <span class='ocrx_word' id='word_1_111' title='bbox 397 1114 532 1138; x_wconf 85' lang='lat' dir='ltr'>verum</span> <span class='ocrx_word' id='word_1_112' title='bbox 562 1104 679 1138; x_wconf 86' lang='lat' dir='ltr'>etiam</span> <span class='ocrx_word' id='word_1_113' title='bbox 708 1104 964 1146; x_wconf 81' lang='lat' dir='ltr'>compluribus</span> <span class='ocrx_word' id='word_1_114' title='bbox 984 1105 1087 1137; x_wconf 87' lang='lat' dir='ltr'>villis</span> <span class='ocrx_word' id='word_1_115' title='bbox 1108 1116 1190 1137; x_wconf 85' lang='lat' dir='ltr'>esse</span> <span class='ocrx_word' id='word_1_116' title='bbox 1217 1104 1450 1147; x_wconf 87' lang='lat' dir='ltr'>praeditum,</span> <span class='ocrx_word' id='word_1_117' title='bbox 1479 1103 1607 1148; x_wconf 88' lang='lat' dir='ltr'>itaque</span> <span class='ocrx_word' id='word_1_118' title='bbox 1636 1104 1705 1138; x_wconf 90' lang='lat' dir='ltr'>tali</span> <span class='ocrx_word' id='word_1_119' title='bbox 1731 1106 1847 1140; x_wconf 89' lang='lat' dir='ltr'>modo</span> <span class='ocrx_word' id='word_1_120' title='bbox 1868 1118 1950 1142; x_wconf 88' lang='lat' dir='ltr'>esse</span> 
     </span>
     <span class='ocr_line' id='line_1_15' title="bbox 182 1163 1949 1215; baseline 0.005 -17"><span class='ocrx_word' id='word_1_121' title='bbox 182 1172 451 1207; x_wconf 86' lang='lat' dir='ltr'>constructum,</span> <span class='ocrx_word' id='word_1_122' title='bbox 486 1171 528 1199; x_wconf 88' lang='lat' dir='ltr'>ut</span> <span class='ocrx_word' id='word_1_123' title='bbox 562 1163 612 1197; x_wconf 80' lang='lat' dir='ltr'>ad</span> <span class='ocrx_word' id='word_1_124' title='bbox 646 1163 900 1209; x_wconf 79' lang='lat' dir='ltr'>digestionem</span> <span class='ocrx_word' id='word_1_125' title='bbox 934 1167 1192 1200; x_wconf 74' lang='lat' dir='ltr'>exercendam</span> <span class='ocrx_word' id='word_1_126' title='bbox 1228 1177 1340 1212; x_wconf 86' lang='lat' dir='ltr'>quam</span> <span class='ocrx_word' id='word_1_127' title='bbox 1374 1168 1547 1200; x_wconf 72' lang='lat' dir='ltr'>maxime</span> <span class='ocrx_word' id='word_1_128' title='bbox 1590 1175 1720 1212; x_wconf 89' lang='lat' dir='ltr'>aptum</span> <span class='ocrx_word' id='word_1_129' title='bbox 1759 1172 1949 1215; x_wconf 83' lang='lat' dir='ltr'>videatur,</span> 
     </span>
     <span class='ocr_line' id='line_1_16' title="bbox 184 1230 1950 1280; baseline 0.002 -14"><span class='ocrx_word' id='word_1_130' title='bbox 184 1232 315 1278; x_wconf 88' lang='lat' dir='ltr'>procul</span> <span class='ocrx_word' id='word_1_131' title='bbox 349 1231 465 1267; x_wconf 87' lang='lat' dir='ltr'>dubio</span> <span class='ocrx_word' id='word_1_132' title='bbox 502 1241 651 1267; x_wconf 87' lang='lat' dir='ltr'>mecum</span> <span class='ocrx_word' id='word_1_133' title='bbox 690 1230 916 1274; x_wconf 85' lang='lat' dir='ltr'>consentiet,</span> <span class='ocrx_word' id='word_1_134' title='bbox 953 1241 1120 1280; x_wconf 77' lang='lat' dir='ltr'>organon</span> <span class='ocrx_word' id='word_1_135' title='bbox 1152 1231 1250 1270; x_wconf 84' lang='lat' dir='ltr'>illud</span> <span class='ocrx_word' id='word_1_136' title='bbox 1283 1231 1443 1268; x_wconf 88' lang='lat' dir='ltr'>aliorum</span> <span class='ocrx_word' id='word_1_137' title='bbox 1480 1231 1703 1268; x_wconf 86' lang='lat' dir='ltr'>animalium</span> <span class='ocrx_word' id='word_1_138' title='bbox 1736 1239 1950 1274; x_wconf 74' lang='lat' dir='ltr'>ventriculo</span> 
     </span>
     <span class='ocr_line' id='line_1_17' title="bbox 182 1300 427 1346; baseline 0.004 -12"><span class='ocrx_word' id='word_1_139' title='bbox 182 1300 427 1346; x_wconf 86' lang='lat' dir='ltr'>respondere.</span> 
     </span>
    </p>

    <p class='ocr_par' dir='ltr' id='par_1_5' title="bbox 183 1366 1951 1945">
     <span class='ocr_line' id='line_1_18' title="bbox 347 1366 1947 1417; baseline 0.005 -16"><span class='ocrx_word' id='word_1_140' title='bbox 347 1366 481 1402; x_wconf 87' lang='lat' dir='ltr'>Altera</span> <span class='ocrx_word' id='word_1_141' title='bbox 524 1373 665 1403; x_wconf 85' lang='lat' dir='ltr'>tractus</span> <span class='ocrx_word' id='word_1_142' title='bbox 709 1368 941 1405; x_wconf 81' lang='lat' dir='ltr'>intestinalis</span> <span class='ocrx_word' id='word_1_143' title='bbox 982 1380 1072 1417; x_wconf 89' lang='lat' dir='ltr'>pars</span> <span class='ocrx_word' id='word_1_144' title='bbox 1108 1370 1216 1417; x_wconf 78' lang='lat' dir='ltr'>(Tab.</span> <span class='ocrx_word' id='word_1_145' title='bbox 1242 1370 1269 1405; x_wconf 93' lang='lat' dir='ltr'>I.</span> <span class='ocrx_word' id='word_1_146' title='bbox 1298 1370 1379 1417; x_wconf 80' lang='lat' dir='ltr'>Fig.</span> <span class='ocrx_word' id='word_1_147' title='bbox 1410 1370 1458 1414; x_wconf 83' lang='lat'>7.)</span> <span class='ocrx_word' id='word_1_148' title='bbox 1502 1369 1675 1406; x_wconf 88' lang='lat' dir='ltr'>tubulum</span> <span class='ocrx_word' id='word_1_149' title='bbox 1721 1371 1883 1408; x_wconf 80' lang='lat' dir='ltr'>exhibet</span> <span class='ocrx_word' id='word_1_150' title='bbox 1927 1386 1947 1409; x_wconf 88' lang='lat' dir='ltr'>e</span> 
     </span>
     <span class='ocr_line' id='line_1_19' title="bbox 183 1433 1950 1485; baseline 0.004 -18"><span class='ocrx_word' id='word_1_151' title='bbox 183 1433 409 1469; x_wconf 87' lang='lat' dir='ltr'>membrana</span> <span class='ocrx_word' id='word_1_152' title='bbox 445 1436 551 1469; x_wconf 87' lang='lat' dir='ltr'>tenui</span> <span class='ocrx_word' id='word_1_153' title='bbox 585 1441 623 1469; x_wconf 83' lang='lat' dir='ltr'>et</span> <span class='ocrx_word' id='word_1_154' title='bbox 651 1435 941 1482; x_wconf 86' lang='lat' dir='ltr'>semipellucida</span> <span class='ocrx_word' id='word_1_155' title='bbox 978 1438 1238 1480; x_wconf 85' lang='lat' dir='ltr'>constitutum,</span> <span class='ocrx_word' id='word_1_156' title='bbox 1265 1438 1328 1484; x_wconf 87' lang='lat' dir='ltr'>qui</span> <span class='ocrx_word' id='word_1_157' title='bbox 1355 1437 1402 1472; x_wconf 87' lang='lat' dir='ltr'>ab</span> <span class='ocrx_word' id='word_1_158' title='bbox 1429 1449 1474 1471; x_wconf 90' lang='lat' dir='ltr'>eo</span> <span class='ocrx_word' id='word_1_159' title='bbox 1504 1448 1643 1483; x_wconf 82' lang='lat' dir='ltr'>organo</span> <span class='ocrx_word' id='word_1_160' title='bbox 1654 1464 1663 1481; x_wconf 92' lang='lat'>‚</span> <span class='ocrx_word' id='word_1_161' title='bbox 1701 1439 1801 1485; x_wconf 77' lang='lat' dir='ltr'>qu&#39;od</span> <span class='ocrx_word' id='word_1_162' title='bbox 1834 1439 1950 1475; x_wconf 89' lang='lat' dir='ltr'>modo</span> 
     </span>
     <span class='ocr_line' id='line_1_20' title="bbox 184 1499 1951 1551; baseline 0.005 -17"><span class='ocrx_word' id='word_1_163' title='bbox 184 1499 385 1547; x_wconf 82' lang='lat' dir='ltr'>descripsi,</span> <span class='ocrx_word' id='word_1_164' title='bbox 420 1508 526 1536; x_wconf 88' lang='lat' dir='ltr'>recta</span> <span class='ocrx_word' id='word_1_165' title='bbox 557 1503 622 1537; x_wconf 74' lang='lat' dir='ltr'>via</span> <span class='ocrx_word' id='word_1_166' title='bbox 645 1502 694 1536; x_wconf 84' lang='lat' dir='ltr'>ad</span> <span class='ocrx_word' id='word_1_167' title='bbox 731 1502 892 1535; x_wconf 85' lang='lat' dir='ltr'>caudam</span> <span class='ocrx_word' id='word_1_168' title='bbox 926 1502 1063 1543; x_wconf 86' lang='lat' dir='ltr'>tendit,</span> <span class='ocrx_word' id='word_1_169' title='bbox 1090 1504 1131 1538; x_wconf 91' lang='lat' dir='ltr'>in</span> <span class='ocrx_word' id='word_1_170' title='bbox 1164 1505 1267 1538; x_wconf 89' lang='lat' dir='ltr'>cuius</span> <span class='ocrx_word' id='word_1_171' title='bbox 1292 1504 1477 1538; x_wconf 86' lang='lat' dir='ltr'>anteriori</span> <span class='ocrx_word' id='word_1_172' title='bbox 1505 1510 1685 1539; x_wconf 79' lang='lat' dir='ltr'>extrema</span> <span class='ocrx_word' id='word_1_173' title='bbox 1704 1512 1815 1551; x_wconf 85' lang='lat' dir='ltr'>parte</span> <span class='ocrx_word' id='word_1_174' title='bbox 1848 1507 1951 1542; x_wconf 87' lang='lat' dir='ltr'>haud</span> 
     </span>
     <span class='ocr_line' id='line_1_21' title="bbox 184 1567 1950 1619; baseline 0.005 -20"><span class='ocrx_word' id='word_1_175' title='bbox 184 1567 316 1612; x_wconf 90' lang='lat' dir='ltr'>procul</span> <span class='ocrx_word' id='word_1_176' title='bbox 350 1578 372 1600; x_wconf 86' lang='lat' dir='ltr'>a</span> <span class='ocrx_word' id='word_1_177' title='bbox 406 1567 671 1601; x_wconf 85' lang='lat' dir='ltr'>branchiarum</span> <span class='ocrx_word' id='word_1_178' title='bbox 698 1567 780 1612; x_wconf 88' lang='lat' dir='ltr'>pari</span> <span class='ocrx_word' id='word_1_179' title='bbox 808 1567 933 1612; x_wconf 83' lang='lat' dir='ltr'>primo</span> <span class='ocrx_word' id='word_1_180' title='bbox 958 1567 1037 1600; x_wconf 87' lang='lat' dir='ltr'>eius</span> <span class='ocrx_word' id='word_1_181' title='bbox 1064 1569 1254 1612; x_wconf 87' lang='lat' dir='ltr'>posterius</span> <span class='ocrx_word' id='word_1_182' title='bbox 1290 1569 1486 1610; x_wconf 88' lang='lat' dir='ltr'>orificium,</span> <span class='ocrx_word' id='word_1_183' title='bbox 1514 1580 1627 1604; x_wconf 88' lang='lat' dir='ltr'>anum</span> <span class='ocrx_word' id='word_1_184' title='bbox 1657 1570 1754 1613; x_wconf 79' lang='lat' dir='ltr'>dico,</span> <span class='ocrx_word' id='word_1_185' title='bbox 1782 1573 1950 1619; x_wconf 87' lang='lat' dir='ltr'>conspici</span> 
     </span>
     <span class='ocr_line' id='line_1_22' title="bbox 183 1631 1949 1682; baseline 0.004 -16"><span class='ocrx_word' id='word_1_186' title='bbox 183 1638 322 1679; x_wconf 88' lang='lat' dir='ltr'>potest.</span> <span class='ocrx_word' id='word_1_187' title='bbox 374 1631 409 1666; x_wconf 93' lang='lat' dir='ltr'><strong>A</strong></span> <span class='ocrx_word' id='word_1_188' title='bbox 432 1632 561 1665; x_wconf 89' lang='lat' dir='ltr'>media</span> <span class='ocrx_word' id='word_1_189' title='bbox 588 1644 655 1666; x_wconf 84' lang='lat' dir='ltr'>sua</span> <span class='ocrx_word' id='word_1_190' title='bbox 682 1638 791 1678; x_wconf 90' lang='lat' dir='ltr'>parte</span> <span class='ocrx_word' id='word_1_191' title='bbox 823 1638 1002 1666; x_wconf 71' lang='lat' dir='ltr'>extrema</span> <span class='ocrx_word' id='word_1_192' title='bbox 1027 1643 1160 1667; x_wconf 88' lang='lat' dir='ltr'>versus</span> <span class='ocrx_word' id='word_1_193' title='bbox 1193 1632 1468 1680; x_wconf 89' lang='lat' dir='ltr'>aliquantulum</span> <span class='ocrx_word' id='word_1_194' title='bbox 1499 1634 1651 1679; x_wconf 80' lang='lat' dir='ltr'>quidem</span> <span class='ocrx_word' id='word_1_195' title='bbox 1687 1636 1949 1682; x_wconf 85' lang='lat' dir='ltr'>amplificatur,</span> 
     </span>
     <span class='ocr_line' id='line_1_23' title="bbox 185 1697 1948 1747; baseline 0.003 -15"><span class='ocrx_word' id='word_1_196' title='bbox 185 1697 308 1732; x_wconf 90' lang='lat' dir='ltr'>omnis</span> <span class='ocrx_word' id='word_1_197' title='bbox 335 1697 487 1732; x_wconf 88' lang='lat' dir='ltr'>tubulus</span> <span class='ocrx_word' id='word_1_198' title='bbox 521 1704 653 1732; x_wconf 90' lang='lat' dir='ltr'>tamen</span> <span class='ocrx_word' id='word_1_199' title='bbox 686 1709 763 1732; x_wconf 90' lang='lat' dir='ltr'>non</span> <span class='ocrx_word' id='word_1_200' title='bbox 791 1698 914 1732; x_wconf 90' lang='lat' dir='ltr'>solum</span> <span class='ocrx_word' id='word_1_201' title='bbox 948 1700 980 1733; x_wconf 90' lang='lat' dir='ltr'>si</span> <span class='ocrx_word' id='word_1_202' title='bbox 1008 1699 1124 1733; x_wconf 87' lang='lat' dir='ltr'>totius</span> <span class='ocrx_word' id='word_1_203' title='bbox 1160 1700 1337 1734; x_wconf 89' lang='lat' dir='ltr'>animalis</span> <span class='ocrx_word' id='word_1_204' title='bbox 1364 1699 1547 1735; x_wconf 78' lang='lat' dir='ltr'>volumen</span> <span class='ocrx_word' id='word_1_205' title='bbox 1578 1702 1780 1747; x_wconf 59' lang='lat' dir='ltr'>respiciam,</span> <span class='ocrx_word' id='word_1_206' title='bbox 1813 1714 1948 1738; x_wconf 85' lang='lat' dir='ltr'>verum</span> 
     </span>
     <span class='ocr_line' id='line_1_24' title="bbox 184 1764 1950 1814; baseline 0.004 -15"><span class='ocrx_word' id='word_1_207' title='bbox 184 1765 302 1799; x_wconf 88' lang='lat' dir='ltr'>etiam</span> <span class='ocrx_word' id='word_1_208' title='bbox 329 1765 362 1798; x_wconf 91' lang='lat' dir='ltr'>si</span> <span class='ocrx_word' id='word_1_209' title='bbox 389 1765 470 1799; x_wconf 89' lang='lat' dir='ltr'>eius</span> <span class='ocrx_word' id='word_1_210' title='bbox 491 1765 609 1811; x_wconf 89' lang='lat' dir='ltr'>ipsius</span> <span class='ocrx_word' id='word_1_211' title='bbox 636 1764 915 1811; x_wconf 77' lang='lat' dir='ltr'>longitudinem</span> <span class='ocrx_word' id='word_1_212' title='bbox 951 1766 1189 1809; x_wconf 83' lang='lat' dir='ltr'>consideres,</span> <span class='ocrx_word' id='word_1_213' title='bbox 1231 1766 1439 1801; x_wconf 84' lang='lat' dir='ltr'>admodum</span> <span class='ocrx_word' id='word_1_214' title='bbox 1477 1774 1656 1814; x_wconf 79' lang='lat' dir='ltr'>angustus</span> <span class='ocrx_word' id='word_1_215' title='bbox 1688 1768 1854 1806; x_wconf 84' lang='lat' dir='ltr'>videtur.</span> <span class='ocrx_word' id='word_1_216' title='bbox 1905 1771 1950 1807; x_wconf 90' lang='lat' dir='ltr'>In</span> 
     </span>
     <span class='ocr_line' id='line_1_25' title="bbox 185 1830 1949 1884; baseline 0.006 -20"><span class='ocrx_word' id='word_1_217' title='bbox 185 1830 440 1877; x_wconf 83' lang='lat' dir='ltr'>compluribus</span> <span class='ocrx_word' id='word_1_218' title='bbox 466 1832 658 1878; x_wconf 76' lang='lat' dir='ltr'>exemplis</span> <span class='ocrx_word' id='word_1_219' title='bbox 685 1843 771 1866; x_wconf 90' lang='lat' dir='ltr'>eum</span> <span class='ocrx_word' id='word_1_220' title='bbox 801 1832 1013 1867; x_wconf 86' lang='lat' dir='ltr'>substantia</span> <span class='ocrx_word' id='word_1_221' title='bbox 1040 1833 1185 1879; x_wconf 84' lang='lat' dir='ltr'>liquida</span> <span class='ocrx_word' id='word_1_222' title='bbox 1212 1840 1251 1868; x_wconf 87' lang='lat' dir='ltr'>et</span> <span class='ocrx_word' id='word_1_223' title='bbox 1279 1833 1431 1868; x_wconf 88' lang='lat' dir='ltr'>cinerea</span> <span class='ocrx_word' id='word_1_224' title='bbox 1457 1840 1521 1868; x_wconf 87' lang='lat' dir='ltr'>aut</span> <span class='ocrx_word' id='word_1_225' title='bbox 1546 1834 1721 1869; x_wconf 76' lang='lat' dir='ltr'>subfusca</span> <span class='ocrx_word' id='word_1_226' title='bbox 1745 1838 1949 1884; x_wconf 88' lang='lat' dir='ltr'>repletum,</span> 
     </span>
     <span class='ocr_line' id='line_1_26' title="bbox 185 1897 1085 1945; baseline 0.003 -14"><span class='ocrx_word' id='word_1_227' title='bbox 185 1898 225 1931; x_wconf 90' lang='lat' dir='ltr'>in</span> <span class='ocrx_word' id='word_1_228' title='bbox 257 1897 340 1931; x_wconf 83' lang='lat' dir='ltr'>aliis</span> <span class='ocrx_word' id='word_1_229' title='bbox 374 1908 469 1932; x_wconf 83' lang='lat' dir='ltr'>vero</span> <span class='ocrx_word' id='word_1_230' title='bbox 497 1898 611 1943; x_wconf 88' lang='lat' dir='ltr'>plane</span> <span class='ocrx_word' id='word_1_231' title='bbox 640 1909 802 1934; x_wconf 84' lang='lat' dir='ltr'>vacuum</span> <span class='ocrx_word' id='word_1_232' title='bbox 839 1898 1085 1945; x_wconf 87' lang='lat' dir='ltr'>deprehendi.</span> 
     </span>
    </p>

    <p class='ocr_par' dir='ltr' id='par_1_6' title="bbox 179 1962 1950 2550">
     <span class='ocr_line' id='line_1_27' title="bbox 352 1962 1947 2015; baseline 0.006 -17"><span class='ocrx_word' id='word_1_233' title='bbox 352 1962 384 2010; x_wconf 71' lang='grc' dir='ltr'>ξ.</span> <span class='ocrx_word' id='word_1_234' title='bbox 410 1967 444 1998; x_wconf 89' lang='grc'>4.</span> <span class='ocrx_word' id='word_1_235' title='bbox 497 1963 559 1999; x_wconf 90' lang='lat' dir='ltr'>Ad</span> <span class='ocrx_word' id='word_1_236' title='bbox 592 1964 763 1998; x_wconf 88' lang='lat' dir='ltr'>intestini</span> <span class='ocrx_word' id='word_1_237' title='bbox 797 1966 918 2001; x_wconf 85' lang='lat' dir='ltr'>latera</span> <span class='ocrx_word' id='word_1_238' title='bbox 954 1968 1240 2014; x_wconf 89' lang='lat' dir='ltr'>quatuordecim</span> <span class='ocrx_word' id='word_1_239' title='bbox 1275 1968 1557 2015; x_wconf 88' lang='lat' dir='ltr'>conspiciuntur</span> <span class='ocrx_word' id='word_1_240' title='bbox 1591 1968 1749 2003; x_wconf 84' lang='lat' dir='ltr'>folliculi</span> <span class='ocrx_word' id='word_1_241' title='bbox 1787 1969 1893 2015; x_wconf 85' lang='lat' dir='ltr'>(Tab.</span> <span class='ocrx_word' id='word_1_242' title='bbox 1920 1972 1947 2007; x_wconf 90' lang='lat' dir='ltr'>I.</span> 
     </span>
     <span class='ocr_line' id='line_1_28' title="bbox 179 2029 1949 2082; baseline 0.005 -16"><span class='ocrx_word' id='word_1_243' title='bbox 179 2030 265 2077; x_wconf 70' lang='lat' dir='ltr'>Fig.</span> <span class='ocrx_word' id='word_1_244' title='bbox 293 2034 325 2065; x_wconf 79' lang='lat'>7.</span> <span class='ocrx_word' id='word_1_245' title='bbox 352 2030 383 2072; x_wconf 79' lang='lat' dir='ltr'>h,</span> <span class='ocrx_word' id='word_1_246' title='bbox 402 2030 433 2073; x_wconf 82' lang='lat' dir='ltr'>b,</span> <span class='ocrx_word' id='word_1_247' title='bbox 451 2029 510 2076; x_wconf 75' lang='lat' dir='ltr'><em>b.)‚</em></span> <span class='ocrx_word' id='word_1_248' title='bbox 539 2031 601 2077; x_wconf 90' lang='lat' dir='ltr'>qui</span> <span class='ocrx_word' id='word_1_249' title='bbox 629 2042 698 2077; x_wconf 89' lang='lat' dir='ltr'>per</span> <span class='ocrx_word' id='word_1_250' title='bbox 734 2033 841 2077; x_wconf 85' lang='lat' dir='ltr'>paria</span> <span class='ocrx_word' id='word_1_251' title='bbox 866 2034 921 2067; x_wconf 90' lang='lat' dir='ltr'>ita</span> <span class='ocrx_word' id='word_1_252' title='bbox 948 2033 1123 2080; x_wconf 87' lang='lat' dir='ltr'>dispositi</span> <span class='ocrx_word' id='word_1_253' title='bbox 1148 2041 1247 2077; x_wconf 87' lang='lat' dir='ltr'>sunt,</span> <span class='ocrx_word' id='word_1_254' title='bbox 1275 2041 1317 2069; x_wconf 86' lang='lat' dir='ltr'>ut</span> <span class='ocrx_word' id='word_1_255' title='bbox 1342 2036 1422 2070; x_wconf 88' lang='lat' dir='ltr'>bini</span> <span class='ocrx_word' id='word_1_256' title='bbox 1458 2035 1506 2070; x_wconf 86' lang='lat' dir='ltr'>ad</span> <span class='ocrx_word' id='word_1_257' title='bbox 1538 2036 1702 2082; x_wconf 79' lang='lat' dir='ltr'>singulos</span> <span class='ocrx_word' id='word_1_258' title='bbox 1730 2037 1850 2072; x_wconf 89' lang='lat' dir='ltr'>trunci</span> <span class='ocrx_word' id='word_1_259' title='bbox 1883 2048 1949 2074; x_wconf 86' lang='lat' dir='ltr'>an-</span> 
     </span>
     <span class='ocr_line' id='line_1_29' title="bbox 185 2098 1950 2148; baseline 0.005 -16"><span class='ocrx_word' id='word_1_260' title='bbox 185 2099 294 2133; x_wconf 88' lang='lat' dir='ltr'>nulos</span> <span class='ocrx_word' id='word_1_261' title='bbox 329 2098 569 2144; x_wconf 85' lang='lat' dir='ltr'>pertineant,</span> <span class='ocrx_word' id='word_1_262' title='bbox 606 2109 675 2144; x_wconf 85' lang='lat' dir='ltr'>par</span> <span class='ocrx_word' id='word_1_263' title='bbox 711 2099 874 2145; x_wconf 88' lang='lat' dir='ltr'>primum</span> <span class='ocrx_word' id='word_1_264' title='bbox 917 2101 1029 2146; x_wconf 70' lang='lat' dir='ltr'>igitur</span> <span class='ocrx_word' id='word_1_265' title='bbox 1060 2113 1161 2148; x_wconf 89' lang='lat' dir='ltr'>pone</span> <span class='ocrx_word' id='word_1_266' title='bbox 1196 2103 1471 2146; x_wconf 85' lang='lat' dir='ltr'>ventriculum,</span> <span class='ocrx_word' id='word_1_267' title='bbox 1506 2103 1680 2137; x_wconf 88' lang='lat' dir='ltr'>ultimum</span> <span class='ocrx_word' id='word_1_268' title='bbox 1713 2114 1806 2139; x_wconf 84' lang='lat' dir='ltr'>vero</span> <span class='ocrx_word' id='word_1_269' title='bbox 1847 2103 1950 2140; x_wconf 89' lang='lat' dir='ltr'>haud</span> 
     </span>
     <span class='ocr_line' id='line_1_30' title="bbox 189 2164 1949 2217; baseline 0.005 -18"><span class='ocrx_word' id='word_1_270' title='bbox 189 2165 318 2212; x_wconf 86' lang='lat' dir='ltr'>procul</span> <span class='ocrx_word' id='word_1_271' title='bbox 347 2165 393 2199; x_wconf 90' lang='lat' dir='ltr'>ab</span> <span class='ocrx_word' id='word_1_272' title='bbox 421 2175 493 2199; x_wconf 86' lang='lat' dir='ltr'>ano</span> <span class='ocrx_word' id='word_1_273' title='bbox 521 2166 635 2199; x_wconf 87' lang='lat' dir='ltr'>situm</span> <span class='ocrx_word' id='word_1_274' title='bbox 665 2165 724 2200; x_wconf 86' lang='lat' dir='ltr'>sit.</span> <span class='ocrx_word' id='word_1_275' title='bbox 751 2164 1013 2214; x_wconf 83' lang='lat' dir='ltr'>Unusquisque</span> <span class='ocrx_word' id='word_1_276' title='bbox 1043 2180 1172 2203; x_wconf 85' lang='lat' dir='ltr'>eorum</span> <span class='ocrx_word' id='word_1_277' title='bbox 1197 2170 1490 2212; x_wconf 86' lang='lat' dir='ltr'>membranacei,</span> <span class='ocrx_word' id='word_1_278' title='bbox 1519 2170 1665 2214; x_wconf 79' lang='lat' dir='ltr'>angusti</span> <span class='ocrx_word' id='word_1_279' title='bbox 1687 2176 1726 2204; x_wconf 89' lang='lat' dir='ltr'>et</span> <span class='ocrx_word' id='word_1_280' title='bbox 1751 2172 1949 2217; x_wconf 87' lang='lat' dir='ltr'>perbrevis</span> 
     </span>
     <span class='ocr_line' id='line_1_31' title="bbox 189 2232 1947 2282; baseline 0.003 -15"><span class='ocrx_word' id='word_1_281' title='bbox 189 2232 329 2267; x_wconf 89' lang='lat' dir='ltr'>canalis</span> <span class='ocrx_word' id='word_1_282' title='bbox 356 2242 428 2277; x_wconf 86' lang='lat' dir='ltr'>ope</span> <span class='ocrx_word' id='word_1_283' title='bbox 456 2242 539 2266; x_wconf 89' lang='lat' dir='ltr'>cum</span> <span class='ocrx_word' id='word_1_284' title='bbox 572 2232 754 2267; x_wconf 85' lang='lat' dir='ltr'>intestino</span> <span class='ocrx_word' id='word_1_285' title='bbox 791 2233 984 2277; x_wconf 79' lang='lat' dir='ltr'>cohaeret,</span> <span class='ocrx_word' id='word_1_286' title='bbox 1013 2235 1094 2280; x_wconf 91' lang='lat' dir='ltr'>ipse</span> <span class='ocrx_word' id='word_1_287' title='bbox 1123 2242 1251 2270; x_wconf 91' lang='lat' dir='ltr'>autem</span> <span class='ocrx_word' id='word_1_288' title='bbox 1280 2248 1300 2270; x_wconf 92' lang='lat' dir='ltr'>e</span> <span class='ocrx_word' id='word_1_289' title='bbox 1327 2237 1552 2270; x_wconf 87' lang='lat' dir='ltr'>membrana</span> <span class='ocrx_word' id='word_1_290' title='bbox 1573 2242 1720 2271; x_wconf 87' lang='lat' dir='ltr'>constat</span> <span class='ocrx_word' id='word_1_291' title='bbox 1755 2238 1947 2282; x_wconf 89' lang='lat' dir='ltr'>crassiore,</span> 
     </span>
     <span class='ocr_line' id='line_1_32' title="bbox 190 2298 1948 2350; baseline 0.005 -18"><span class='ocrx_word' id='word_1_292' title='bbox 190 2299 307 2341; x_wconf 88' lang='lat' dir='ltr'>molli,</span> <span class='ocrx_word' id='word_1_293' title='bbox 336 2298 495 2332; x_wconf 84' lang='lat' dir='ltr'>subalba</span> <span class='ocrx_word' id='word_1_294' title='bbox 524 2305 560 2332; x_wconf 90' lang='lat' dir='ltr'>et</span> <span class='ocrx_word' id='word_1_295' title='bbox 587 2300 884 2345; x_wconf 85' lang='lat' dir='ltr'>semipellucida,</span> <span class='ocrx_word' id='word_1_296' title='bbox 914 2311 1008 2345; x_wconf 86' lang='lat' dir='ltr'>quae</span> <span class='ocrx_word' id='word_1_297' title='bbox 1036 2301 1076 2335; x_wconf 91' lang='lat' dir='ltr'>in</span> <span class='ocrx_word' id='word_1_298' title='bbox 1103 2301 1312 2335; x_wconf 82' lang='lat' dir='ltr'>iunioribus</span> <span class='ocrx_word' id='word_1_299' title='bbox 1330 2302 1471 2349; x_wconf 77' lang='lat' dir='ltr'>Bopyri</span> <span class='ocrx_word' id='word_1_300' title='bbox 1495 2303 1685 2348; x_wconf 83' lang='lat' dir='ltr'>exemplis</span> <span class='ocrx_word' id='word_1_301' title='bbox 1712 2306 1948 2350; x_wconf 85' lang='lat' dir='ltr'>superficiem</span> 
     </span>
     <span class='ocr_line' id='line_1_33' title="bbox 189 2364 1948 2418; baseline 0.003 -18"><span class='ocrx_word' id='word_1_302' title='bbox 189 2364 305 2400; x_wconf 85' lang='lat' dir='ltr'>habet</span> <span class='ocrx_word' id='word_1_303' title='bbox 338 2365 515 2410; x_wconf 84' lang='lat' dir='ltr'>planam,</span> <span class='ocrx_word' id='word_1_304' title='bbox 544 2365 583 2400; x_wconf 91' lang='lat' dir='ltr'>in</span> <span class='ocrx_word' id='word_1_305' title='bbox 620 2365 869 2401; x_wconf 80' lang='lat' dir='ltr'>adultioribus</span> <span class='ocrx_word' id='word_1_306' title='bbox 904 2378 994 2402; x_wconf 71' lang='lat' dir='ltr'>vero</span> <span class='ocrx_word' id='word_1_307' title='bbox 1029 2367 1087 2401; x_wconf 88' lang='lat' dir='ltr'>hic</span> <span class='ocrx_word' id='word_1_308' title='bbox 1114 2367 1191 2401; x_wconf 87' lang='lat' dir='ltr'>illic</span> <span class='ocrx_word' id='word_1_309' title='bbox 1217 2368 1271 2401; x_wconf 90' lang='lat' dir='ltr'>ita</span> <span class='ocrx_word' id='word_1_310' title='bbox 1298 2369 1444 2402; x_wconf 75' lang='lat' dir='ltr'>inflexa</span> <span class='ocrx_word' id='word_1_311' title='bbox 1472 2375 1540 2410; x_wconf 89' lang='lat' dir='ltr'>est,</span> <span class='ocrx_word' id='word_1_312' title='bbox 1569 2375 1610 2403; x_wconf 91' lang='lat' dir='ltr'>ut</span> <span class='ocrx_word' id='word_1_313' title='bbox 1636 2371 1775 2405; x_wconf 88' lang='lat' dir='ltr'>multos</span> <span class='ocrx_word' id='word_1_314' title='bbox 1810 2383 1948 2418; x_wconf 87' lang='lat' dir='ltr'>eosque</span> 
     </span>
     <span class='ocr_line' id='line_1_34' title="bbox 191 2427 1949 2478; baseline 0.003 -12"><span class='ocrx_word' id='word_1_315' title='bbox 191 2431 399 2478; x_wconf 85' lang='lat' dir='ltr'>profundos</span> <span class='ocrx_word' id='word_1_316' title='bbox 435 2439 472 2466; x_wconf 88' lang='lat' dir='ltr'>et</span> <span class='ocrx_word' id='word_1_317' title='bbox 500 2433 608 2468; x_wconf 74' lang='lat' dir='ltr'>vario</span> <span class='ocrx_word' id='word_1_318' title='bbox 645 2432 759 2466; x_wconf 88' lang='lat' dir='ltr'>modo</span> <span class='ocrx_word' id='word_1_319' title='bbox 795 2434 958 2468; x_wconf 82' lang='lat' dir='ltr'>directos</span> <span class='ocrx_word' id='word_1_320' title='bbox 991 2433 1132 2468; x_wconf 89' lang='lat' dir='ltr'>formet</span> <span class='ocrx_word' id='word_1_321' title='bbox 1166 2435 1306 2478; x_wconf 90' lang='lat' dir='ltr'>sulcos,</span> <span class='ocrx_word' id='word_1_322' title='bbox 1335 2436 1457 2470; x_wconf 88' lang='lat' dir='ltr'>omnis</span> <span class='ocrx_word' id='word_1_323' title='bbox 1484 2436 1672 2471; x_wconf 86' lang='lat' dir='ltr'>folliculus</span> <span class='ocrx_word' id='word_1_324' title='bbox 1697 2427 1825 2472; x_wconf 85' lang='lat' dir='ltr'>autem</span> <span class='ocrx_word' id='word_1_325' title='bbox 1848 2437 1949 2473; x_wconf 83' lang='lat' dir='ltr'>haud</span> 
     </span>
     <span class='ocr_line' id='line_1_35' title="bbox 193 2498 1947 2550; baseline 0.003 -18"><span class='ocrx_word' id='word_1_326' title='bbox 193 2509 351 2544; x_wconf 72' lang='lat' dir='ltr'>parvum</span> <span class='ocrx_word' id='word_1_327' title='bbox 395 2498 677 2533; x_wconf 87' lang='lat' dir='ltr'>tuberculorum</span> <span class='ocrx_word' id='word_1_328' title='bbox 722 2499 991 2545; x_wconf 80' lang='lat' dir='ltr'>[appendicum</span> <span class='ocrx_word' id='word_1_329' title='bbox 1037 2512 1253 2544; x_wconf 82' lang='lat' dir='ltr'>coecarum,</span> <span class='ocrx_word' id='word_1_330' title='bbox 1303 2503 1561 2539; x_wconf 83' lang='lat' dir='ltr'>anomalarum</span> <span class='ocrx_word' id='word_1_331' title='bbox 1607 2510 1647 2538; x_wconf 88' lang='lat' dir='ltr'>et</span> <span class='ocrx_word' id='word_1_332' title='bbox 1683 2504 1947 2550; x_wconf 87' lang='lat' dir='ltr'>perbrevium]</span> 
     </span>
    </p>

    <p class='ocr_par' dir='ltr' id='par_1_7' title="bbox 1734 2576 1753 2604">
     <span class='ocr_line' id='line_1_36' title="bbox 1734 2576 1753 2604; baseline 0 0"><span class='ocrx_word' id='word_1_333' title='bbox 1734 2576 1753 2604; x_wconf 84' lang='lat'><strong>2</strong></span> 
     </span>
    </p>
   </div>
  </div>
 </body>
</html>
