2150 2904
1052 252 1095 285 19

195 371 280 395 eum
304 361 366 396 vel
394 366 486 403 tum,
518 371 629 406 quum
657 358 800 394 semina
830 367 905 393 ova
931 357 1049 400 fovet,
1077 355 1178 392 haud
1200 356 1391 402 relinquit.
1418 354 1603 391 Attamen
1631 366 1755 403 neque
1773 358 1945 402 pedibuS,

193 438 315 474 neque
352 427 437 462 ullis
465 427 549 461 aliis
578 425 727 471 organis
755 424 922 458 feminae
951 430 1051 459 arcte
1087 423 1280 465 cohaeret,
1316 423 1384 458 sed
1418 423 1600 457 facillimo
1636 423 1787 468 negotio
1825 424 1871 457 ab
1904 436 1948 458 ea

191 494 383 530 removeri
411 499 545 540 potest.
584 490 806 526 Coniunctio
838 496 964 525 autem
993 492 1090 526 inter
1116 503 1260 526 marem
1291 497 1328 526 et
1355 490 1538 524 feminam
1567 490 1606 524 in
1634 500 1678 523 eo
1706 488 1945 535 potissimum

194 559 398 594 consistere
426 559 519 594 mihi
546 558 710 600 videtur,
737 556 837 604 qnod
863 557 974 593 huius
1004 558 1223 600 branchiae,
1251 558 1389 604 quippe
1419 567 1513 602 quae
1542 555 1804 602 respirationis
1837 567 1948 591 causa

192 626 265 661 vix
293 626 441 663 moveri
465 625 680 668 videantur,
709 635 853 660 marem
883 631 1067 672 perpetuo
1096 624 1385 670 amplectantur.

361 691 393 739 ξ.
424 698 479 729 12.
517 692 625 735 Quod
658 692 707 728 ad
736 689 931 727 Crustacei
965 693 1083 727 nostri
1116 692 1258 728 victum
1295 690 1449 732 attinet,
1485 690 1602 726 variis
1637 700 1689 724 cx
1720 692 1949 735 argumentis

193 764 323 793 contra
353 759 513 794 aliorum
549 760 824 805 sententiam&
866 761 1019 807 probari
1052 764 1198 806 potest,
1231 756 1272 792 id
1308 767 1385 790 non
1424 756 1495 790 nisi
1533 756 1756 792 substantiis
1795 758 1950 804 liquidis

194 825 336 858 nutriri.
390 827 517 862 Primo
544 828 645 862 enim
673 839 796 873 neque
832 826 1004 861 maxillis
1033 832 1072 860 et
1098 824 1349 866 mandibulis,
1376 834 1499 868 neque
1527 823 1611 857 aliis
1638 823 1785 868 organis
1812 824 1949 859 instru-

193 895 294 924 ctum
323 897 398 934 est,
436 894 569 939 quibus
603 895 837 929 nutrimenta
877 892 1060 928 solidiora
1098 893 1266 939 arripere
1310 897 1348 925 ct
1384 890 1441 925 ori
1477 889 1706 931 admovere,
1742 902 1789 925 ne
1826 890 1949 926 dicam

193 953 405 993 diminuere
430 961 560 1005 possit.
615 960 790 996 Secundo
828 961 908 994 eius
940 970 981 994 os
1016 964 1148 994 tantae
1186 965 1243 993 est
1280 957 1504 1004 parvitatis,
1542 961 1582 990 ut
1616 956 1741 991 fluidis
1776 958 1950 1004 exceptis

191 1020 244 1055 nil
272 1022 345 1057 nisi
374 1026 554 1060 animalia
579 1027 764 1062 infusoria
790 1037 994 1074 peragrare
1023 1025 1063 1061 id
1091 1027 1250 1073 possint.
1303 1024 1545 1059 Palaemonis
1573 1034 1708 1059 cavum
1734 1022 1949 1058 branchiale

192 1089 307 1122 tertio
335 1101 412 1125 non
440 1092 562 1125 solum
589 1093 644 1126 ita
671 1094 806 1136 explet
833 1093 1005 1135 Bopyrus
1033 1093 1196 1134 semina,
1228 1098 1270 1127 ut
1302 1091 1375 1126 vix
1404 1089 1607 1134 quidquam
1636 1100 1756 1135 aquae
1777 1091 1948 1126 marinae

191 1152 230 1186 id
255 1164 453 1198 permeare
480 1156 621 1199 possit,
645 1165 779 1189 verum
807 1155 923 1188 etiam
952 1155 1056 1188 omni
1082 1155 1266 1190 inferiore
1296 1161 1334 1189 et
1368 1155 1492 1189 trunci
1520 1160 1558 1188 et
1586 1155 1720 1199 capitis
1754 1154 1851 1189 facie
1879 1156 1950 1191 Pa-

191 1217 376 1252 laemonis
401 1220 579 1266 operculo
613 1217 823 1254 branchiali
847 1224 926 1254 tam
954 1225 1055 1254 arcte
1079 1220 1271 1266 applicata
1298 1224 1377 1261 est,
1404 1224 1446 1253 ut
1474 1229 1573 1264 aqua
1601 1219 1769 1261 marina,
1798 1220 1950 1256 etiamsi

191 1284 432 1321 Palaemonis
469 1298 604 1324 cavum
636 1284 851 1320 branchiale
886 1287 1033 1320 minore
1067 1286 1347 1333 impedimento
1385 1295 1498 1331 quam
1531 1285 1612 1318 fieri
1641 1290 1768 1331 potest
1799 1297 1949 1332 perma-

192 1357 313 1394 naret,
341 1352 395 1386 nil
421 1354 646 1388 nutrimenti
675 1351 723 1387 ad
752 1352 895 1397 ssopyri
922 1351 1089 1387 feminae
1126 1363 1167 1387 os
1195 1351 1387 1388 advehere
1415 1356 1556 1397 posset.
1608 1350 1691 1385 Mas
1722 1363 1815 1387 vero
1849 1352 1949 1388 inter

190 1416 356 1453 feminae
385 1429 474 1455 suae
504 1420 700 1456 branchias
728 1419 783 1454 ita
810 1428 962 1464 semper
990 1420 1187 1454 conclusus
1214 1424 1328 1465 atque
1357 1429 1421 1452 ore
1444 1417 1610 1452 feminae
1638 1417 1810 1452 inferiori
1836 1418 1947 1453 faciei

188 1484 242 1518 ita
279 1485 489 1530 applicatus
518 1493 593 1529 est,
629 1491 670 1519 ut
705 1490 808 1518 certo
847 1486 983 1520 certius
1018 1484 1112 1520 mihi
1137 1483 1333 1526 videatur,
1361 1495 1448 1519 eum
1477 1494 1626 1530 quoque
1654 1483 1756 1518 haud
1782 1495 1946 1530 unquam

191 1561 241 1584 ex
270 1561 368 1597 aqua
396 1552 666 1586 Palaemonem
693 1550 886 1584 ambiente
909 1550 1133 1584 nutrimenti
1159 1549 1304 1595 aliquid
1329 1546 1499 1596 accipere
1526 1560 1649 1595 posse.
1700 1548 1804 1591 Quae
1833 1562 1946 1596 quum

189 1617 242 1651 ita
272 1616 360 1659 sint,
389 1617 562 1662 inprimis
591 1628 682 1652 vero
711 1627 823 1662 quum
847 1616 1020 1662 Bopyrus
1046 1615 1191 1650 semina
1220 1616 1324 1648 omni
1353 1615 1534 1648 inferiore
1563 1614 1696 1660 capitis
1723 1614 1819 1649 faeie
1848 1627 1946 1651 sem-

188 1695 256 1730 per
296 1683 462 1717 molliori
506 1684 771 1725 membranae,
817 1694 911 1730 quae
956 1682 1197 1717 Palaemonis
1247 1682 1470 1716 interiorem
1514 1679 1682 1726 operculi
1720 1680 1947 1717 'bi-anchialis

190 1750 324 1785 faciem
353 1750 481 1791 vestit,
509 1755 608 1784 arcte
638 1751 686 1785 sit
713 1750 923 1795 applicata,
950 1760 1028 1784 non
1049 1760 1225 1796 possum,
1260 1748 1350 1795 quin
1385 1753 1538 1794 putem,
1572 1746 1679 1781 illam
1705 1745 1946 1783 Palaemonis

192 1828 302 1863 quem
338 1816 480 1852 insedit
509 1817 714 1863 inquilinos
748 1816 902 1850 sorbere
943 1827 1082 1851 succos.
1142 1815 1241 1851 Num
1274 1825 1368 1851 vero
1401 1825 1473 1860 quo
1507 1819 1680 1860 tempore
1714 1824 1842 1850 succos
1881 1826 1945 1850 eos

191 1882 377 1917 imbibere
405 1885 500 1926 vult,
529 1884 800 1918 Palaemonem
827 1883 930 1918 labio
958 1894 1025 1918 suo
1051 1884 1230 1920 vulneret
1256 1894 1327 1918 nec
1354 1892 1415 1923 ne,
1443 1881 1572 1915 nescio
1598 1879 1764 1927 quidem,
1784 1882 1945 1916 reticere

194 1955 324 1983 tamen
343 1950 446 1991 nolo,
474 1951 706 1985 anteriorem
734 1950 825 1984 labii
847 1951 1055 1997 marginem
1084 1957 1142 1986 sat
1169 1944 1319 1986 acutum
1347 1960 1443 1992 esse,
1471 1954 1511 1983 ut
1527 1948 1739 1983 molliorem
1756 1947 1946 1981 membra-

193 2026 302 2057 nam,
338 2016 488 2062 qualcm
521 2017 761 2052 Palaemonis
795 2018 953 2052 interius
989 2018 1156 2064 operculi
1198 2017 1424 2052 branchialis
1458 2021 1616 2051 stratum
1656 2013 1830 2055 exhibet,
1862 2013 1945 2047 vul-

194 2092 326 2116 nerare
363 2083 494 2131 possit.
554 2082 663 2126 Quod
697 2097 786 2121 vero
836 2084 884 2119 ad
922 2085 1113 2131 Bopyrum
1152 2096 1297 2119 marem
1333 2085 1490 2127 attinet,
1526 2082 1675 2117 ridiculi
1712 2085 1750 2114 et
1783 2078 1945 2112 inauditi

195 2147 338 2194 aliquid
364 2148 509 2185 dixisse
539 2150 693 2197 quidem
720 2151 873 2194 videar,
910 2153 941 2186 si
977 2153 1105 2198 palam
1140 2151 1264 2186 fecero
1302 2151 1399 2186 hanc
1436 2151 1709 2188 coniecturam,
1747 2156 1833 2180 eum
1862 2145 1944 2179 sive

194 2213 310 2248 fluido
344 2214 507 2261 quodam
533 2217 687 2260 nutriri,
727 2217 832 2264 quod
859 2218 899 2253 in
933 2218 1099 2253 feminae
1134 2217 1303 2264 partibus
1347 2217 1575 2262 genitalibus
1613 2219 1799 2248 secretum
1832 2215 1943 2252 esset,

195 2280 276 2316 sive
303 2280 469 2316 feminae
497 2282 669 2318 fluidiore
697 2292 872 2326 stercore,
902 2291 1054 2330 praeter
1088 2286 1192 2320 illam
1229 2291 1359 2318 tamen
1387 2283 1528 2317 nullam
1563 2281 1676 2315 aliam
1713 2277 1941 2322 investigare

195 2348 303 2393 potui
330 2348 453 2392 viam,
482 2362 554 2397 qua
578 2351 692 2385 maris
720 2353 841 2387 victus
868 2351 1055 2387 rationem
1085 2352 1279 2400 explicare
1307 2350 1528 2396 petuis-sem.

289 2490 320 2531 *)
342 2488 529 2524 Desmarest
550 2491 571 2524 l.
596 2505 621 2526 c.
643 2494 719 2536 Pag.
741 2495 814 2526 326.

1660 2547 1681 2579 3
1695 2545 1709 2560 5
