2150 2904
1037 245 1084 278 28

190 353 278 392 sive>
294 354 417 398 rubri,
439 353 521 390 sive
545 348 764 394 rubicundi,
791 349 874 387 sive
900 349 1142 387 flavescentis
1167 356 1225 386 est
1246 351 1399 395 coloris,
1424 350 1467 386 in
1493 360 1632 396 genere
1660 359 1726 389 aut
1758 351 1832 400 piri
1869 360 1937 391 aut

189 421 263 457 fusi
290 419 478 457 dimidiati
503 417 619 453 habet
644 419 832 465 speciem,
861 424 972 466 atque
1000 419 1140 466 partim
1168 430 1188 454 e
1216 419 1294 453 tela
1320 419 1516 460 cellulosa,
1543 419 1681 464 partim
1708 432 1728 455 e
1755 421 1936 467 spissiore

190 489 303 536 adipe
331 493 501 522 constare
527 485 691 522 videtur.
719 484 888 530 (Tab.11‚
915 486 1051 532 Fig.12
1067 484 1101 528 k,
1117 484 1166 533 k).
1192 485 1256 520 Ex
1284 485 1469 520 ambobus
1497 490 1623 520 autem
1639 486 1697 521 his
1712 487 1804 533 ipsis
1824 489 1936 523 bran-

189 556 294 590 chiae
314 552 542 601 corpusculis
573 564 705 588 omnes
733 553 904 588 eiusdem
933 553 1061 600 organi
1077 559 1180 588 setae
1196 552 1426 600 procedunt,
1451 553 1505 586 ita
1527 558 1567 586 ut
1585 554 1821 599 corpuscula,
1841 566 1938 601 quae

188 621 301 656 modo
330 621 525 667 descripsi,
552 626 717 656 setarum
744 621 869 655 locum
896 622 1063 656 natalem
1091 621 1275 656 exhibere
1292 619 1506 656 videantur.
1532 619 1708 666 Denique
1723 632 1799 655 non
1814 621 1936 657 solum

186 691 226 724 in
249 689 463 736 superiore,
492 699 626 724 verum
655 687 769 722 etiam
796 688 837 723 in
861 689 1041 724 inferiore
1069 688 1270 723 branchiae
1295 687 1464 733 margine
1491 692 1612 729 teres,
1647 694 1872 732 praeacutus
1899 691 1939 722 et

187 767 264 790 non
296 756 352 791 ita
383 755 510 791 brevis
544 754 773 801 conspicitur
806 766 1002 801 processus
1038 762 1236 799 cutancus,
1280 766 1437 802 quorum
1476 754 1572 788 alter
1612 765 1695 788 cum
1729 753 1938 799 superiore,

187 822 284 857 alter
317 834 400 857 cum
426 822 607 858 inferiore
634 821 837 856 branchiae
863 833 971 858 ramo
1008 829 1065 858 est
1099 823 1312 869 copulatus,
1346 832 1580 868 quorumque
1617 821 1683 854 ille
1720 819 1789 853 hoc
1822 819 1938 865 paulo

187 888 334 936 longior
367 890 599 927 observatur.
639 884 748 936 (Tab.
774 888 818 923 II.
845 889 925 937 Fig.
956 894 1013 933 12,
1038 891 1093 932 affl,
1122 886 1176 924 W.
1216 889 1307 924 Tab.
1328 889 1392 924 III.
1427 888 1508 933 Fig.
1539 889 1595 929 13,
1621 883 1654 920 cl.
1695 885 1776 932 Fig.
1806 888 1864 928 15,
1892 886 1939 931 c).

188 955 331 992 Verum
361 963 486 993 autem
512 968 635 1003 neque
660 956 739 1000 ille,
766 968 890 1004 neque
919 959 978 993 hic
1003 959 1100 993 rami
1127 957 1184 991 sui
1211 957 1360 991 lobulos
1383 954 1551 996 excedit,
1578 954 1697 987 immo
1725 964 1773 987 ne
1791 953 1939 999 apicem

189 1024 342 1071 quidem
372 1035 501 1060 eorum
529 1024 689 1069 attingit.
742 1023 856 1070 Apud
884 1024 1067 1070 Zoologos
1096 1030 1225 1071 partes
1252 1023 1367 1059 modo
1397 1021 1624 1067 descriptae,
1648 1020 1733 1054 cirri
1756 1021 1942 1056 dicuntur.

356 1107 477 1149 Quam
510 1105 626 1140 modo
660 1105 887 1140 adumbravi
918 1107 1122 1147 fabricam,
1160 1116 1205 1138 ea
1233 1102 1405 1151 plurimis
1441 1101 1615 1146 quidem,
1652 1112 1731 1136 non
1766 1103 1942 1137 omnibus

186 1182 317 1211 tamen
342 1172 532 1207 branchiis
560 1177 617 1205 est
644 1172 863 1205 communis
891 1170 1044 1204 Etenim
1074 1178 1153 1204 tum
1181 1170 1296 1216 primi
1321 1174 1359 1202 et
1381 1165 1549 1208 secundi,
1575 1172 1654 1200 tum
1673 1169 1942 1203 nonnullorum

188 1240 408 1276 ultimorum
452 1237 676 1272 annulorum
714 1236 915 1270 branchiae
960 1237 1097 1271 minori
1138 1236 1352 1271 lobulorum
1395 1238 1482 1268 sunt
1523 1232 1725 1279 praeditae
1767 1245 1942 1278 numero,

189 1319 300 1355 quam
328 1317 422 1352 quae
450 1303 499 1339 ad
525 1304 690 1349 reliquos
718 1302 886 1348 corporis
915 1302 1073 1336 annulos
1110 1303 1312 1349 pertinent.
1364 1300 1514 1335 Primae
1548 1305 1586 1332 et
1613 1299 1801 1334 secundae
1830 1300 1943 1336 bran-

188 1373 294 1409 chiae
328 1371 499 1418 superior
530 1379 658 1405 ramus
688 1379 741 1403 ex
769 1380 843 1402 uno
884 1374 1031 1402 tantum
1067 1375 1215 1403 constat
1249 1368 1396 1409 lobulo,
1430 1364 1519 1412 quin
1554 1366 1671 1399 etiam
1707 1371 1744 1399 et
1777 1366 1867 1400 setis
1904 1372 1944 1401 et

187 1439 329 1476 acicula
356 1438 510 1473 omnino
549 1442 662 1471 caret.
720 1434 867 1470 Ultima
899 1434 1078 1469 branchia
1104 1445 1335 1481 perparvam
1371 1437 1519 1466 tantum
1553 1429 1713 1466 exhibet
1745 1433 1942 1477 laminam,

184 1495 289 1541 vcuius
313 1490 449 1550 margo
468 1503 615 1549 integer
641 1503 722 1538 fere
749 1501 919 1538 videtur:
953 1500 1190 1547 paenultima
1229 1506 1269 1535 et
1305 1509 1399 1545 quae
1435 1508 1521 1532 eam
1559 1497 1755 1544 praecedit
1787 1506 1942 1546 praeter

186 1572 300 1614 cirros
328 1572 445 1607 tribus
472 1569 711 1604 solummodo
746 1569 868 1613 iisque
903 1567 1071 1601 minimis
1105 1566 1243 1599 lobulis
1276 1571 1363 1599 sunt
1396 1563 1613 1609 praeditae:
1650 1570 1809 1610 quatuor
1845 1577 1941 1602 vero

184 1630 233 1672 ea
257 1626 521 1671 branchiarum
548 1635 666 1681 paria,
693 1644 788 1679 quae
816 1633 891 1666 illis
916 1632 1096 1678 proxime
1121 1636 1208 1665 sunt
1224 1631 1310 1672 sita,
1334 1641 1416 1664 cum
1433 1628 1589 1674 reliquis
1613 1630 1678 1664 vel
1700 1630 1941 1668 intermediis

183 1702 447 1738 branchiarum
473 1701 629 1750 paribus
652 1710 697 1733 eo
724 1698 908 1733 maiorem
934 1698 1078 1733 habent
1102 1697 1414 1738 similitudinem,
1438 1706 1510 1741 quo
1537 1696 1682 1741 longius
1711 1696 1758 1730 ab
1794 1697 1939 1736 ultimis

184 1769 260 1804 illis
293 1768 445 1804 distant.
505 1766 683 1803 Ceterum
717 1764 887 1799 omnium
922 1776 1050 1799 earum
1093 1764 1346 1811 posteriorum
1388 1760 1670 1805 branchiarum,
1714 1762 1761 1797 de
1805 1764 1940 1810 quibus

184 1835 300 1871 modo
328 1835 509 1878 tractavi,
536 1833 707 1881 superior
735 1833 850 1866 cirrus
875 1831 1041 1877 reliquos
1067 1843 1197 1867 earum
1224 1831 1373 1866 lobulos
1399 1830 1484 1878 plus
1512 1828 1688 1865 minusve
1716 1831 1879 1866 excedit.

349 1920 610 1956 Paenultimus
637 1917 802 1964 corporis
831 1917 990 1951 annulus
1016 1915 1185 1950 omnium
1214 1920 1271 1949 est
1285 1914 1477 1956 minimus,
1504 1910 1771 1957 branchiisque
1786 1924 1940 1960 prorsus

185 1994 298 2023 caret.
356 1987 520 2023 Ultimus
555 1991 702 2027 autem,
736 1989 870 2030 utpote
902 1983 965 2029 qui
998 1983 1064 2017 illo
1096 1983 1216 2017 multo
1252 1989 1309 2017 est
1341 1981 1520 2022 torosior,
1555 1979 1819 2013 branchiarum
1853 1980 1936 2016 loco

185 2054 331 2091 duobus
362 2054 557 2103 praeditus
580 2059 638 2087 est
669 2051 919 2097 longioribus,
948 2050 1124 2084 tenuibus
1160 2055 1198 2084 et
1231 2047 1520 2096 simplicissimis
1548 2045 1674 2087 cirris,
1709 2044 1771 2091 qui
1805 2051 1938 2083 tamen

187 2132 268 2157 cum
298 2124 377 2157 eius
402 2128 512 2170 parte
539 2119 711 2155 inferiori
739 2117 944 2153 cohaerent
971 2123 1009 2151 et
1034 2117 1250 2164 posteriora
1276 2126 1410 2152 versus
1433 2112 1604 2149 tendunt.

272 2204 389 2238 Anno
404 2204 521 2235 tatio,
544 2200 773 2233 Branchiarum
795 2198 948 2231 fabricam
969 2210 1040 2230 eam
1062 2196 1102 2228 ob
1122 2207 1249 2228 causam
1279 2197 1383 2228 insius
1405 2193 1549 2232 tractavi,
1575 2191 1660 2234 quod
1680 2192 1741 2224 viri
1763 2192 1936 2233 experien-

310 2264 422 2299 tissimi
437 2262 591 2293 Axnonu
615 2267 647 2290 et
658 2258 976 2290 MmE-Eowmns
998 2257 1127 2299 generis
1141 2255 1316 2287 Nereidum
1340 2253 1506 2285 branchias
1528 2251 1577 2295 [in
1600 2250 1701 2283 libro:
1720 2249 1861 2282 Annales
1877 2249 1937 2281 des

311 2322 452 2353 sciences
482 2317 664 2350 naturelles.
711 2317 794 2348 Tom
815 2315 935 2348 XXIX
966 2317 1041 2358 Pag.
1066 2313 1145 2357 205]
1173 2315 1229 2346 tali
1252 2312 1348 2344 modo
1381 2312 1484 2342 deseri
1512 2317 1627 2358 zetam,
1650 2315 1684 2339 ut
1706 2319 1775 2338 cum
1808 2306 1933 2338 illarum

310 2380 447 2419 partium
472 2385 583 2410 natura
605 2375 690 2408 haud
711 2376 890 2407 consentire
913 2374 991 2407 mihi
1012 2373 1184 2408 videretur.
1228 2371 1337 2404 Verba
1358 2360 1487 2402 eoi-urst*
1510 2354 1530 2400 ἒ
1549 2368 1606 2399 illa
1626 2366 1752 2409 prolata
1774 2366 1942 2408 sequentia

314 2443 405 2468 sunt:
447 2435 536 2474 „Les
559 2433 733 2466 Branchies
756 2435 932 2465 consistent
952 2443 991 2464 en
1014 2433 1092 2463 trois
1114 2430 1290 2463 mamelons
1312 2440 1354 2459 ou
1373 2427 1579 2469 languettes,
1614 2425 1789 2462 charnues,
1818 2424 1870 2466 qui
1899 2434 1941 2455 en

317 2499 472 2537 occupent
494 2492 696 2526 l‘extrfimitt».
716 2492 815 2525 Deux
838 2492 896 2524 des
914 2501 968 2522 ces
989 2490 1185 2533 appendices
1206 2495 1280 2520 sont
1298 2487 1385 2519 fixes
1404 2487 1423 2517 ὲ
1444 2485 1478 2516 la
1498 2496 1585 2516 rame
1606 2483 1745 2520 dorsale,
1774 2481 1842 2513 run
1862 2491 1941 2513 sous
