2150 2904
1036 257 1079 289 15

172 366 431 403 sinistrorsum
453 364 654 407 tendebat,
692 361 799 409 (Tab.
825 360 887 397 III.
924 362 1005 410 Fig.
1032 363 1071 407 4)
1107 372 1276 410 quaeque
1303 359 1518 398 'nonnullos
1557 361 1724 397 ramulos
1759 366 1837 397 tum
1879 362 1928 398 ad

174 439 318 475 eutem,
350 438 428 467 tum
468 431 517 467 ad
552 431 739 466 musculos
773 429 895 465 trunci
920 430 1165 466 emittebant.
1216 429 1331 465 Brevi
1368 435 1496 464 autem
1542 435 1630 464 ante
1667 439 1780 465 anum
1817 441 1928 476 quam

170 499 285 535 modo
314 499 497 546 descripsi
532 497 700 533 medulla.
731 498 917 534 venti-alis
951 498 991 532 in
1033 498 1235 533 nonnullos
1264 507 1390 532 ramos
1417 497 1542 534 divisa
1570 502 1674 539 erat,
1705 497 1767 543 qui
1802 496 1929 533 diver-

168 566 292 615 gendo
320 565 478 601 caudam
504 564 702 600 intrabant
736 571 774 599 et
800 565 1012 600 maximam
1046 565 1095 600 ad
1130 570 1278 612 partem
1307 563 1571 599 branchiarum
1608 566 1795 599 musculos
1820 570 1928 611 pete—

167 633 271 668 bant.
326 631 436 676 Quod
463 633 625 680 denique
655 632 704 668 ad
731 632 961 668 anteriorem
981 631 1172 667 medullae
1209 631 1497 665 extremitatem
1527 632 1681 674 attinet,
1720 631 1831 666 ambo
1854 632 1928 674 fila,

169 710 190 735 e
219 700 352 747 quibus
379 700 446 735 illa
472 700 682 747 composita
711 705 786 742 est,
808 699 996 746 perbreve
1022 698 1221 734 ventriculi
1247 698 1551 741 infundibulum,
1585 697 1684 744 quod
1720 697 1931 744 vesophagi

172 766 277 804 vices
299 767 408 812 gerit,
445 767 724 813 amplectuntur
752 766 863 815 (Tab.
891 767 954 801 ΙΙΙ.
983 766 1063 813 Fig.
1090 769 1126 809 4,
1155 766 1206 809 6),
1233 765 1374 800 deinde
1397 777 1491 802 vero
1519 765 1560 799 in
1587 764 1783 799 cerebrum
1806 770 1929 799 trans-

171 839 271 868 eunt.
321 833 450 880 Ipsum
488 834 686 868 cerebrum
722 839 810 868 ante
847 834 1099 870 ventriculum
1135 834 1236 868 inter
1270 832 1399 869 varios
1429 843 1494 866 eos
1522 831 1731 874 musculos,
1759 831 1822 878 qui
1849 837 1930 865 tum

166 909 189 933 a
212 899 421 946 superiore,
449 905 527 934 tum
556 902 602 936 ab
630 901 810 936 inferiore
841 902 975 948 capitis
1002 901 1149 947 pariete
1177 901 1224 935 ad
1258 900 1449 936 tentacula
1475 897 1658 940 tendunt,
1693 904 1796 932 arcte
1832 898 1931 932 inter

166 975 207 1000 se
236 965 427 1000 coniuncti
453 973 557 1011 sunt,
596 974 707 1015 atque
737 980 890 1004 omnem
921 969 1153 1004 anteriorem
1190 969 1324 1015 capitis
1360 972 1510 1014 partem
1547 966 1708 1012 explere
1738 964 1931 1006 videntur,

165 1041 243 1068 non
269 1032 391 1066 solum
419 1034 474 1068 ita
501 1035 606 1079 latet,
634 1047 770 1072 verum
799 1037 914 1070 etiam
943 1036 997 1070 ita
1024 1047 1108 1070 cum
1135 1036 1181 1070 iis
1210 1035 1408 1076 cohaeret,
1438 1039 1480 1068 ut
1514 1044 1709 1079 nunqnam
1744 1031 1783 1066 id
1815 1031 1930 1078 plane

172 1098 367 1134 denudare
394 1101 597 1144 potuerim.
653 1102 774 1142 Quam
804 1103 852 1133 ob
877 1113 1028 1133 causam
1056 1108 1094 1134 et
1120 1108 1326 1145 propterea
1352 1100 1451 1144 quod
1478 1109 1639 1144 magnae
1667 1106 1725 1132 est
1754 1097 1933 1134 mollitiei

166 1169 206 1199 et
232 1163 403 1198 eiusdem
439 1164 595 1206 coloris,
626 1171 737 1210 atque
772 1164 932 1197 musculi
960 1164 1037 1205 illi,
1073 1175 1229 1209 quorum
1264 1164 1380 1198 modo
1414 1165 1650 1197 mentionem
1679 1164 1772 1206 feci,
1806 1175 1930 1210 neque

166 1231 245 1266 eius
271 1230 435 1266 sormam
462 1242 585 1277 neque
614 1232 694 1265 eius
722 1228 1025 1274 magnitudinem
1052 1229 1117 1272 ita,
1145 1235 1185 1264 ut
1213 1235 1451 1275 optaveram,
1475 1240 1700 1274 cognoscere
1728 1229 1845 1275 potui.

333 1296 364 1345 ξ.
393 1302 425 1332 8.
476 1297 519 1332 111
554 1298 675 1332 trunci
711 1307 805 1332 cavo
839 1301 992 1342 praeter
1026 1297 1195 1339 viscera,
1229 1307 1386 1343 quorum
1425 1306 1539 1342 snpra
1574 1296 1810 1331 mentionem
1846 1295 1931 1339 feci,

165 1366 378 1412 complures
401 1363 648 1399 inveniuntur
681 1363 799 1398 fibrae
828 1363 1079 1406 musculares‚
1117 1374 1212 1410 quae
1249 1364 1288 1397 in
1315 1369 1473 1410 utraque
1510 1364 1591 1398 eius
1625 1363 1787 1398 dimidia
1820 1369 1930 1410 parte

165 1431 314 1468 laterali
348 1442 417 1478 per
449 1430 612 1465 totidem
643 1430 762 1464 series
797 1434 883 1463 sunt
916 1428 1145 1475 dispositae,
1181 1435 1272 1476 quot
1315 1431 1437 1464 trunci
1481 1430 1735 1465 observantur
1773 1430 1931 1465 articuli.

167 1497 333 1542 Quaevis
368 1499 487 1533 series
513 1508 536 1532 a
563 1496 731 1542 corporis
768 1495 955 1528 diametro
990 1497 1094 1529 linea
1127 1497 1238 1542 longe
1273 1496 1408 1540 distat,
1444 1497 1565 1532 trunci
1598 1497 1833 1542 superiorem
1863 1507 1931 1542 pa-

164 1566 301 1600 rietem
327 1575 411 1599 cum
438 1564 620 1598 inferiore
649 1561 858 1606 coniungit,
893 1561 1059 1603 articuli,
1094 1561 1142 1595 ad
1181 1573 1291 1607 quem
1326 1563 1512 1607 pertinet,
1549 1563 1731 1596 anteriori
1767 1562 1930 1608 margini

166 1631 360 1673 adhaeret,
387 1635 499 1676 atque
526 1629 627 1662 inter
654 1627 763 1661 binos
789 1632 869 1661 tum
897 1627 1032 1669 ovarii,
1061 1632 1140 1661 tum
1168 1626 1318 1672 hepatis
1346 1627 1454 1661 lobos
1482 1629 1583 1673 septi
1610 1629 1729 1662 instar
1763 1628 1926 1662 interce-

165 1698 231 1734 dit.
294 1696 372 1732 Alii
416 1696 593 1730 fibrarum
635 1693 902 1729 muscularium
945 1693 1114 1729 fasciculi
1155 1692 1421 1727 tantummodo
1464 1693 1513 1728 ad
1547 1693 1769 1728 inferiorem
1808 1694 1930 1734 trunci

163 1765 351 1813 parietem
379 1763 573 1812 pertinent
606 1766 717 1806 atque
754 1760 853 1795 inter
887 1760 1102 1796 musculosa
1138 1760 1205 1794 illa
1246 1759 1415 1805 dissepta
1455 1759 1657 1795 interiecta
1693 1767 1789 1795 sunt.
1842 1759 1928 1795 Bini

165 1843 296 1868 eorum
324 1837 389 1866 aut
415 1829 514 1864 terni
540 1828 582 1862 in
607 1833 765 1873 utraque
800 1827 968 1873 corporis
1003 1825 1164 1861 dimidia
1191 1832 1300 1873 parte
1328 1827 1478 1861 laterali
1506 1828 1602 1861 alter
1629 1839 1729 1873 pone
1765 1828 1926 1862 alterum

165 1911 188 1935 a
217 1898 382 1934 cuiusvis
411 1895 564 1931 articuli
597 1894 726 1929 media
763 1889 871 1940 parte
910 1893 959 1928 ad
992 1893 1228 1939 insequentis
1263 1895 1411 1929 articuli
1448 1894 1676 1929 anteriorem
1713 1895 1924 1940 marginem

165 1964 344 2006 tendunt,
381 1972 513 1997 omnes
546 1972 639 1997 Vero
678 1972 810 2007 corpus
845 1962 1037 1996 inflectere
1060 1960 1203 1996 valent.
1257 1960 1373 1996 quta
1405 1967 1604 2008 utrumque
1640 1967 1766 1995 autem
1804 1961 1926 1995 trunci

165 2031 375 2078 marginem
404 2028 602 2064 lateralem
630 2029 670 2062 in
695 2029 828 2075 quovis
855 2029 1012 2064 articulo
1050 2028 1124 2063 duo
1151 2030 1400 2064 inveniuntur
1427 2028 1606 2071 musculi,
1642 2038 1798 2074 quorum
1828 2028 1926 2063 alter

167 2112 190 2136 a
215 2098 335 2134 trunci
358 2102 466 2144 parte
491 2095 708 2141 superiore,
733 2096 828 2130 alter
855 2095 902 2129 ab
926 2095 1096 2130 eiusdem
1125 2102 1237 2142 parte
1265 2095 1448 2130 inferiore
1472 2095 1519 2129 ad
1544 2095 1764 2141 proximum
1800 2094 1927 2129 tendit

166 2165 330 2215 pedem,
366 2174 595 2209 quorumque
635 2174 707 2209 ope
737 2173 904 2208 organon
930 2162 1024 2197 illud
1052 2163 1198 2199 moveri
1227 2168 1366 2210 potest.
1420 2162 1569 2208 Reliqui
1601 2171 1729 2195 eorum
1754 2161 1926 2203 musculi,

168 2234 231 2281 qui
264 2234 478 2267 memoratu
520 2228 625 2274 digni
658 2230 752 2264 mihi
784 2229 982 2272 videntur,
1019 2230 1059 2264 in
1095 2230 1239 2265 caudae
1275 2231 1440 2265 cavitate
1474 2227 1734 2273 reperiuntur,
1764 2222 1924 2274 eamque

167 2300 217 2334 ad
245 2298 455 2333 maximam
484 2302 632 2341 partem
658 2297 831 2343 implent.
885 2296 1059 2343 Plerique
1088 2309 1170 2331 cum
1199 2296 1388 2331 branchiis
1417 2295 1623 2330 cohaerent
1650 2299 1761 2341 atque
1782 2294 1830 2330 ad
1857 2295 1924 2330 has

165 2365 270 2412 ipsas
295 2369 424 2410 partes
452 2361 664 2397 movendas
692 2369 779 2397 sunt
806 2362 1002 2397 destinati:
1041 2364 1103 2410 qni
1137 2375 1230 2399 vero
1267 2364 1411 2399 nullum
1440 2373 1523 2397 cum
1560 2361 1749 2396 branchiis
1781 2361 1925 2397 habent

169 2429 449 2472 commercium,
477 2428 636 2464 caudam
664 2430 936 2476 aliquantulum
967 2430 1117 2466 flectere
1147 2437 1298 2478 queunt.

333 2495 365 2544 ξ.
394 2499 427 2532 9.
476 2496 650 2543 Bopyrus
686 2508 768 2533 mas
792 2509 980 2533 summum
1011 2502 1056 2543 13-
1083 2499 1269 2533 linearum
1293 2495 1408 2531 habet
1435 2493 1725 2540 longitudinem.
1779 2494 1920 2530 Verum
