2150 2904
1040 642 1065 676 Ι.

697 768 770 807 De
808 768 1029 821 Bopyro
1069 766 1405 821 equium-um.

339 899 367 944 §.
406 903 436 934 1.
507 865 656 937 Quum
686 910 786 935 anno
824 903 919 936 1833
948 900 987 934 in
1014 898 1251 935 Chersoneso
1285 901 1429 935 taurica
1460 908 1659 940 versarer,
1692 898 1927 932 occasionem

175 963 391 1009 captabam,
434 967 616 1001 crustacei
644 978 758 1013 supra
790 968 998 1011 nominati,
1043 978 1114 1014 quo
1143 967 1285 1002 Pontus
1313 966 1488 1002 Euxinus
1523 977 1643 1013 prope
1680 964 1927 1011 paeninsulae

174 1029 275 1066 illius
304 1043 388 1067 oras
417 1033 603 1077 abundat,
632 1033 847 1070 dissecandi
882 1036 1036 1082 eiusque
1071 1045 1219 1070 morum
1258 1032 1595 1070 observandorum.
1648 1031 1815 1067 Plurima
1850 1030 1929 1064 eius

175 1099 356 1142 exempla
381 1100 422 1133 in
445 1100 492 1133 iis
518 1100 812 1133 Palaemonibus
841 1101 993 1145 quidem
1022 1102 1176 1141 inveni,
1212 1101 1314 1145 quod
1343 1099 1598 1145 adspersos
1627 1098 1800 1145 appe110‚
1837 1107 1929 1131 non-

172 1163 276 1195 nulla
309 1168 438 1197 tamen
467 1164 508 1196 in
545 1162 630 1196 aliis
662 1163 786 1209 iisque
813 1164 950 1198 itidem
980 1165 1093 1199 novis
1120 1164 1434 1203 Palaemonibus‚
1470 1175 1563 1207 quos
1591 1166 1836 1207 elegantes
1862 1173 1931 1196 no-

171 1229 288 1265 mino.
314 1229 350 1274 *)
383 1228 601 1276 Crangones
623 1235 763 1273 antem,
793 1241 1019 1277 quamquam
1048 1229 1097 1264 ad
1116 1230 1303 1265 ‘fabricam
1333 1239 1416 1263 cum
1440 1227 1516 1262 illis
1543 1227 1770 1263 animalibus
1799 1225 1929 1261 admo-

173 1296 263 1333 dum
290 1298 542 1340 conveniunt,
570 1297 659 1343 quin
688 1297 803 1332 etiam
836 1298 1092 1344 compluribus
1124 1297 1218 1332 locis
1252 1306 1328 1331 una
1354 1306 1437 1330 cum
1472 1295 1520 1329 iis
1555 1301 1773 1337 occurrunt,
1807 1293 1928 1329 neuti-

173 1373 285 1409 quam
308 1368 438 1398 tamen
464 1374 486 1397 a
513 1362 665 1410 Bopyro
693 1370 824 1398 nostro
852 1371 1056 1400 vexantur.

337 1428 482 1475 Bopyri
505 1440 630 1464 mares
659 1436 698 1465 et
723 1431 890 1466 feminae
918 1437 959 1466 ut
986 1429 1260 1477 magnitudine,
1287 1429 1343 1464 ita
1370 1429 1493 1464 forma
1517 1433 1555 1462 et
1572 1427 1695 1463 colore
1721 1426 1927 1463 admodum

171 1499 272 1533 inter
299 1508 338 1531 se
366 1495 601 1542 discrepant,
628 1496 725 1530 adeo
753 1502 794 1529 ut
820 1497 975 1542 Zoologi
1000 1497 1174 1531 nonnulli
1201 1497 1330 1532 varios
1357 1496 1597 1542 Bopyrorum
1625 1480 1741 1530 sexus
1773 1505 1842 1540 pro
1872 1492 1928 1526 di-

171 1564 291 1599 versis
321 1562 542 1596 animalium
570 1561 768 1607 speciebus
796 1561 1008 1596 habuerint.
1066 1560 1186 1603 Quam
1225 1561 1270 1595 ob
1307 1572 1457 1595 causam
1494 1561 1647 1597 videtur
1682 1561 1730 1595 de
1767 1566 1925 1605 utroque

171 1640 268 1664 sexu
295 1628 503 1674 separatim
530 1627 728 1673 agendum.

335 1696 363 1741 ξ.
392 1699 423 1730 2.
449 1694 613 1730 Femina
646 1694 754 1739 (Tab.
779 1694 806 1731 Ι.
833 1696 914 1744 Fig.
944 1699 977 1739 5,
1006 1700 1039 1740 7,
1070 1697 1124 1742 8,)
1157 1706 1346 1731 summum
1385 1694 1561 1741 quinque«
1582 1686 1778 1728 linearum*
1805 1693 1925 1737 (men-

168 1774 279 1799 surae
306 1761 547 1808 parisiensis)
574 1763 851 1808 longitudinem
876 1765 1097 1810 assequitur.
1150 1763 1241 1798 Eius
1269 1762 1431 1798 latitudo
1461 1766 1608 1802 autem,
1636 1759 1667 1793 si
1696 1771 1780 1794 eum
1806 1759 1924 1804 longi-

170 1829 303 1865 tudine
326 1836 587 1877 comparetur,
616 1840 826 1876 permagna
852 1830 1023 1867 videtur:
1063 1832 1205 1867 etenim
1230 1831 1271 1866 in
1301 1827 1558 1875 compluribus
1587 1826 1800 1873 exemplis,
1829 1835 1924 1871 quae

171 1896 364 1931 dimensus
387 1907 482 1939 sum,
507 1896 555 1931 ad
572 1896 688 1930 totius
713 1897 879 1944 corporis
897 1898 1174 1944 longitudinem
1194 1898 1315 1934 trunci
1340 1894 1500 1931 latitudo
1525 1894 1580 1929 ita
1603 1904 1642 1928 se
1667 1892 1811 1935 habuit,
1835 1897 1877 1926 ut
1903 1895 1921 1926 7

170 1961 219 1997 ad
246 1964 301 1996 10.
328 1960 472 1997 Venter
495 1963 580 2009 plus
606 1963 781 1999 minusve
809 1965 978 2011 turgidus
1007 1972 1045 2001 et
1073 1975 1273 2002 convexus
1298 1961 1616 2010 deprehenditur,
1644 1965 1758 2008 prout
1779 1958 1923 1993 femina

169 2027 396 2073 graviditate
423 2030 508 2075 plus
535 2030 709 2065 minusve
737 2042 935 2077 progressa
963 2039 1036 2077 est;
1073 2045 1185 2068 omne
1225 2032 1378 2067 dorsum
1415 2035 1542 2071 autem
1575 2038 1734 2075 aequam
1769 2035 1921 2072 prorsus

172 2094 330 2130 exhibet
362 2096 573 2142 planitiem.
635 2095 775 2132 Contra
803 2099 971 2145 regulam
1004 2106 1224 2147 praeterea,
1259 2097 1462 2133 secundum
1493 2107 1605 2143 quam
1633 2092 1920 2129 Crustaceorum

171 2161 263 2197 ordo
299 2169 529 2199 constructus
562 2170 634 2207 est,
675 2164 852 2201 laterales
885 2165 1029 2214 Bopyri
1066 2167 1224 2202 feminei
1266 2163 1449 2218 dimidiare
1490 2169 1618 2209 partes
1650 2157 1919 2206 aequabilitate

170 2228 426 2276 (symmetria)
452 2241 604 2276 prorsus
632 2237 778 2275 carent3
813 2234 934 2268 altera
961 2235 1063 2269 enim
1097 2236 1218 2270 altera
1243 2232 1362 2267 multo
1392 2230 1545 2265 brevior
1573 2237 1759 2272 omneque
1788 2233 1920 2271 corpus

252 2393 282 2435 ²')
304 2393 474 2438 Descripsi
495 2406 551 2427 eos
573 2397 606 2427 in
634 2397 809 2439 appendice
847 2399 886 2430 ad
913 2399 1096 2433 Pallasii
1126 2399 1366 2442 Zoographiam
1398 2392 1688 2426 rosso-asiaticam
1718 2390 1813 2422 brevi
1841 2394 1920 2419 tem-

165 2463 245 2493 pore
269 2453 402 2488 edenda.
1643 2497 1661 2528 1
1689 2493 1710 2515 *
