2150 2904
1087 257 1109 289 6

1123 305 1199 312 -ᾑ,

221 362 467 411 parvitatem,
495 359 681 393 flexuram
709 360 748 390 et
774 353 1091 396 coniunctionem,
1113 358 1192 388 tum
1219 359 1378 400 propter
1403 353 1549 390 ventris
1565 358 1766 399 tumorem,
1786 355 1835 391 ad
1847 358 1970 393 trunci

224 433 345 467 latera
370 427 509 475 potius,
538 433 650 470 quam
670 422 771 457 infra
797 432 882 456 eum
908 422 1030 456 locum
1054 427 1198 463 tenere,
1224 420 1415 456 videntur.
1471 418 1571 462 Quin
1598 421 1712 457 etiam
1741 423 1773 457 si
1798 423 1970 471 Bopyrus

223 497 368 534 femina
393 494 433 527 in
457 497 631 528 ventrem
657 491 708 524 sit
732 501 865 532 versa,
894 489 974 522 cius
998 488 1188 523 incurvati
1213 487 1333 534 pedes
1360 487 1482 522 solum
1508 486 1610 522 haud
1636 488 1833 534 attingunt.
1885 490 1972 526 Non

224 573 379 612 possum
405 559 538 605 igitur,
563 557 652 604 quin
680 558 800 594 variis
825 558 872 592 iis
900 567 953 591 ex
978 555 1116 597 causis,
1144 565 1236 601 quas
1261 553 1376 588 modo
1404 552 1565 600 protuli,
1593 554 1837 600 concludam,
1866 558 1971 593 adul·

224 639 302 665 tam
329 627 530 666 feminam,
567 626 657 660 licet
684 624 845 672 pedibus
880 623 929 657 sit
960 623 1166 664 instructa,
1207 632 1337 657 eorum
1367 632 1438 668 ope
1466 627 1595 655 tamen
1628 632 1753 668 neque
1780 623 1971 669 progredi,

222 706 346 742 neque
372 698 506 728 natare
542 697 606 726 aut
641 692 707 727 ulli
732 693 790 726 rei
825 689 1095 725 adhaerescere
1123 700 1249 737 posse.
1302 687 1444 723 Verum
1471 688 1587 722 etiam
1620 690 1864 735 experientia
1888 691 1973 737 ipsa

225 774 287 799 me
316 760 518 794 certiorem
545 759 637 794 fecit
663 758 711 793 de
738 755 956 793 animalculi
982 755 1103 790 nostri
1127 756 1289 792 inhabili
1317 756 1366 791 ad
1401 766 1533 802 corpus
1560 755 1792 791 movendum
1820 762 1972 792 natura:

224 829 367 864 etenim
392 837 504 879 quum
530 824 734 873 aliquando
763 822 1023 870 experimenti
1049 834 1161 859 causa
1183 823 1396 870 complures
1419 822 1566 857 adultos
1590 823 1762 869 Bepyros
1784 822 1973 857 femineos

224 908 278 932 ex
304 904 433 930 eorum
471 893 663 927 domicilio
693 890 993 939 protraxissffln,
1033 902 1173 938 eosque
1212 890 1253 925 in
1287 900 1355 926 vas
1388 888 1506 924 fundo
1541 899 1650 923 cereo
1686 889 1900 935 praeditum
1935 896 1974 924 et

225 974 323 1010 aqua
349 959 495 995 marina
523 959 723 1004 impletum
759 959 1045 1005 imposuissem,
1080 957 1246 1004 plurium
1282 956 1458 991 horarum
1492 954 1651 990 decursu
1677 956 1800 990 nullus
1842 967 1972 990 eorum

226 1031 351 1065 locum
379 1036 487 1061 suum
515 1032 650 1071 sponte
677 1026 850 1061 mutavit.
906 1024 1119 1060 observavi
1146 1025 1275 1067 etiam,
1304 1034 1369 1058 eos
1395 1022 1508 1059 valde
1538 1033 1670 1068 segnes
1699 1033 1801 1066 esse,
1832 1023 1975 1057 etenim

224 1098 258 1131 si
286 1106 350 1129 eos
377 1095 417 1128 in
440 1098 586 1135 tergum
610 1098 816 1133 verteram,
845 1091 1037 1124 tentacula
1063 1097 1100 1124 et
1126 1090 1246 1136 pedes
1276 1091 1345 1126 vix
1367 1101 1409 1124 ac
1428 1102 1479 1124 ne
1497 1091 1569 1125 vix
1587 1089 1740 1135 quidem
1758 1090 1976 1124 movebant.

391 1156 606 1191 Secundum
629 1156 800 1199 regulam
826 1154 1000 1200 quidem,
1030 1164 1125 1199 quae
1153 1154 1194 1188 in
1220 1155 1268 1187 iis
1298 1151 1510 1185 Crustaceis
1534 1153 1660 1194 valet,
1694 1164 1788 1198 quae
1812 1152 1977 1199 Isopoda

227 1224 485 1273 appellantur,
516 1220 681 1254 adultior
705 1217 877 1264 Bopyrus
904 1219 1049 1254 femina
1075 1229 1221 1265 quoque
1249 1216 1402 1251 laminis
1437 1216 1662 1263 quibusdam
1699 1224 1756 1252 est
1780 1219 1975 1263 instructa,

226 1303 321 1339 quae
341 1299 507 1325 unacum
520 1286 700 1321 inferiore
710 1286 857 1321 ventris
872 1292 982 1332 parte
994 1296 1127 1321 cavum
1143 1284 1375 1319 constituunt
1389 1282 1471 1318 ovis
1489 1284 1728 1330 excipiendis
1746 1291 1783 1320 et
1798 1286 1975 1322 fovendis

225 1359 456 1394 destinatum
489 1353 596 1401 [Tab.
623 1352 650 1386 Ι.
687 1351 766 1397 Fig.
790 1356 808 1387 5
836 1364 865 1395 c,
884 1365 913 1395 c,
931 1364 960 1395 c,
977 1352 1009 1398 c]
1041 1352 1129 1386 illae
1155 1352 1321 1385 laminae
1347 1356 1476 1384 tamen
1506 1361 1583 1384 non
1606 1351 1661 1385 ita
1687 1352 1974 1397 amplificantur,

227 1432 271 1460 ut
297 1424 440 1471 pariter
464 1428 576 1468 atque
604 1420 644 1454 in
671 1419 753 1453 aliis
780 1419 1006 1466 Isopodibus
1034 1429 1168 1455 cavum
1196 1417 1388 1460 sutorium,
1418 1417 1557 1463 quippe
1586 1416 1687 1464 quod
1712 1422 1869 1464 propter
1895 1429 1976 1453 ma-

226 1503 337 1537 gnam
364 1490 485 1525 trunci
514 1486 755 1524 latitudinem
784 1485 991 1536 admodum
1013 1486 1134 1519 latum
1161 1483 1393 1525 inveniatur,
1421 1475 1616 1518 occludere
1641 1485 1809 1520 valeant.
1837 1483 1977 1520 Contra

227 1560 292 1605 qni
321 1557 432 1591 abiis
451 1553 692 1590 constituitur
718 1551 876 1586 inferior
904 1551 989 1587 cavi
1015 1551 1116 1585 illius
1143 1549 1270 1595 paries
1293 1559 1370 1583 non
1396 1549 1470 1583 nisi
1492 1556 1688 1595 angustum
1715 1551 1899 1586 exhibere
1919 1553 1976 1588 vi-

226 1625 336 1661 detur
364 1621 554 1657 annulum.
605 1616 712 1650 Licet
747 1627 841 1650 vero
875 1617 915 1650 in
947 1627 991 1649 eo
1025 1615 1192 1661 amplum
1221 1614 1270 1648 sit
1294 1614 1479 1656 foramen,
1507 1616 1546 1650 in
1575 1626 1668 1651 cavo
1696 1622 1843 1659 tamen,
1873 1618 1975 1652 cuius

225 1689 341 1726 modo
369 1685 602 1722 mentionem
629 1681 715 1723 feci,
744 1681 998 1716 minutissima
1024 1681 1167 1728 Bopyri
1195 1691 1269 1716 ova
1304 1680 1428 1715 ioveri
1454 1686 1622 1726 possunt.
1675 1680 1827 1716 Etenim
1862 1695 1974 1729 quum

229 1757 395 1793 adultior
411 1754 580 1798 Bopyrus
605 1749 747 1784 femina
770 1754 906 1784 ventre
934 1758 1001 1782 suo
1029 1747 1284 1788 Palaemonis,
1313 1757 1422 1792 quem
1441 1747 1584 1789 incolit,
1613 1747 1747 1794 clypeo
1768 1750 1975 1785 arctissime

225 1826 276 1860 sit
302 1822 491 1869 applicata
517 1817 562 1862 (ξ.
578 1817 651 1860 1Ο),
678 1816 760 1850 fieri
786 1826 863 1850 non
879 1820 1017 1861 potest,
1042 1814 1131 1861 quin
1149 1820 1326 1860 apertura
1343 1813 1383 1847 in
1403 1813 1483 1847 eius
1505 1824 1598 1848 cavo
1615 1813 1753 1848 fotorio
1773 1815 1977 1852 observata

230 1903 253 1927 a
280 1886 522 1925 Palaemonis
548 1883 681 1930 clypeo
711 1888 857 1928 tegatur
885 1887 922 1915 et
949 1892 1102 1927 prorsus
1132 1882 1337 1917 obturetur.
1390 1879 1476 1915 Non
1511 1880 1632 1914 solum
1670 1887 1798 1915 autem
1833 1883 1978 1928 magni-

226 1956 371 1999 tudine,
399 1962 533 1989 verum
562 1950 676 1984 etiam
705 1951 780 1984 situ
805 1954 842 1983 et
877 1948 1160 1995 coniunctione,
1193 1948 1378 1990 laminae,
1417 1957 1512 1994 quae
1550 1946 1599 1981 ad
1635 1957 1770 1983 cavum
1799 1947 1976 1982 fotorium

225 2023 432 2070 pertinent,
452 2018 493 2052 in
521 2017 673 2063 Bopyro
702 2017 812 2050 aliter
839 2027 879 2050 se
908 2015 1061 2058 habent,
1092 2021 1204 2062 atque
1228 2015 1269 2048 in
1291 2013 1426 2048 ceteris
1451 2012 1694 2059 Isopodibus:
1731 2012 1872 2047 etenim
1898 2024 1977 2049 non

227 2099 371 2131 omnes,
399 2085 467 2121 sed
493 2082 770 2127 tantummodo,
799 2084 961 2129 quinque
991 2094 1121 2117 earum
1148 2082 1257 2130 paria
1283 2093 1366 2116 cum
1394 2087 1526 2116 trunco
1551 2080 1767 2119 cohaerent,
1794 2089 1863 2125 par
1886 2089 1975 2113 sex-

227 2162 308 2190 tum
336 2164 427 2189 vero
456 2157 586 2186 contra
614 2161 766 2185 omnem
790 2151 959 2196 regulam
992 2161 1074 2184 cum
1104 2149 1227 2196 capite
1257 2154 1315 2183 est
1340 2148 1520 2182 iunctum.
1590 2145 1694 2188 Quae
1732 2156 1814 2180 cum
1852 2145 1974 2191 capite

231 2221 436 2256 cohaerent
462 2219 628 2253 laminae
657 2229 769 2265 quam
796 2217 974 2264 proxime
1003 2216 1075 2250 sibi
1103 2222 1190 2251 sunt
1216 2216 1330 2258 sitae,
1356 2214 1532 2249 inferiori
1559 2214 1638 2248 eius
1672 2214 1785 2249 faciei
1817 2212 1973 2246 omnino

228 2291 316 2321 sunt
345 2286 568 2332 applicatae,
599 2291 638 2320 et
664 2284 876 2319 maximam
904 2283 1016 2320 faciei
1042 2284 1143 2318 illius
1171 2289 1332 2330 partem,
1352 2281 1442 2331 quin
1461 2280 1579 2315 etiam
1595 2293 1707 2316 omne
1725 2280 1806 2315 fere
1831 2277 1974 2313 labium

229 2352 421 2397 obtegunt.
448 2351 557 2395 (Tab.
584 2352 611 2386 I.
639 2351 720 2397 Fig.
744 2355 777 2394 5,
806 2350 853 2396 b).
913 2349 1080 2396 Utraque
1108 2347 1386 2397 propemodum
1415 2346 1727 2394 quinquangulari
1756 2350 1813 2379 est
1838 2344 1973 2388 forma,

229 2424 317 2453 ante
348 2424 385 2452 et
412 2429 511 2464 pone
539 2430 728 2465 perparva
752 2417 963 2465 appendice
992 2423 1050 2452 est
1070 2418 1272 2457 instructa,
1301 2419 1339 2448 et
1364 2414 1549 2448 maiorem
1577 2412 1625 2447 ad
1651 2417 1801 2459 partem
1830 2423 1849 2446 e
1878 2411 1986 2446 cutisv

229 2484 478 2532 duplicatura‚
507 2483 556 2520 ad
576 2485 763 2521 minorem
782 2496 873 2523 vero
893 2497 920 2535 e·
937 2485 1129 2520 nonnullis
1147 2483 1326 2519 fibrarum
1350 2480 1617 2516 muscularium
1639 2479 1789 2515 lacertis
1817 2483 1974 2516 constat.
