2150 2904
1012 263 1121 333 πμ,

170 367 398 402 insectorum
424 367 678 410 mandibulas,
701 366 816 403 modo
843 367 896 401 ita
923 368 1043 409 coire,
1070 375 1113 403 ut
1139 378 1267 404 earum
1292 370 1417 416 apices
1445 381 1485 407 se
1510 373 1673 410 invicem
1704 380 1913 421 tangerent,

169 433 284 468 modo
317 445 442 469 rursus
473 435 680 470 discedere.
733 432 831 469 Num
866 443 958 468 vero
992 439 1070 468 tum
1106 445 1272 480 quoque,
1312 449 1424 483 quum
1458 439 1637 485 pharynx
1674 442 1714 476 in
1749 444 1913 489 corporis

168 508 302 534 cavum
337 501 486 546 penitus
524 507 580 535 est
611 506 791 542 retracta,
833 499 912 534 eius
950 500 1194 535 mandibulae
1238 504 1391 539 alternis
1424 506 1570 541 vicibus
1602 507 1716 542 modo
1749 509 1914 544 invicem

169 564 440 610 aliquantulum
470 567 647 611 distrahi,
683 567 798 602 modo
825 568 944 601 altera
972 568 1128 601 alteram
1156 571 1316 604 transire
1343 572 1508 617 possint,
1535 573 1619 618 ipsa
1647 574 1914 610 observatione

168 631 321 676 quidem
351 643 481 667 eruere
508 643 583 667 non
610 635 730 681 potui,
757 634 960 681 pharyngis
987 634 1130 668 fabrica
1157 641 1286 671 tamen
1313 637 1369 672 ita
1394 650 1434 672 se
1463 638 1602 673 habere
1629 641 1723 675 mihi
1749 641 1915 685 videtru,

168 702 210 731 ut
237 697 409 734 dubitare
442 699 579 743 nolim,
614 701 703 746 quin
730 701 973 735 mandibulae
1007 701 1122 735 etiam
1154 701 1195 737 in
1230 708 1392 739 retracto
1419 704 1485 738 illo
1513 715 1652 750 organo
1684 707 1737 741 sic
1767 710 1915 744 moveri

168 765 326 809 possint.

250 845 336 878 Anu
349 849 454 879 otati
466 859 497 878 o.
520 847 556 878 In
579 846 767 879 Nereide
789 849 1038 889 Dumerilii,
1062 851 1152 882 cuius
1176 852 1255 883 cutis
1271 849 1443 881 admodum
1457 850 1622 893 pellucida
1638 859 1696 890 est,
1720 854 1915 897 pharyngem

283 905 317 934 in
339 907 481 949 corporis
504 917 584 937 cavo
609 905 759 938 latentem
788 907 919 950 longius
942 921 998 951 per
1020 916 1143 951 tempus
1165 910 1298 941 alternis
1327 908 1451 940 vicibus
1474 912 1638 951 angustari
1662 918 1694 942 et
1716 912 1916 953 amplfficari,

288 963 335 993 ita
357 965 456 1005 igitur
484 966 607 996 moveri
637 965 719 1003 vidi,
756 973 791 997 ut
820 967 946 1009 forceps
970 979 989 999 a
1023 968 1215 1000 mandibulis
1246 967 1419 999 constituta
1450 966 1545 999 modo
1577 967 1680 999 claudi
1711 969 1806 1001 modo
1840 981 1915 1012 ape-

287 1022 345 1053 riri
363 1026 492 1063 posset-I

329 1098 529 1144 Reliquum
560 1106 626 1140 est,
654 1106 696 1133 ut
723 1101 769 1132 de
795 1101 842 1132 iis
872 1112 1017 1144 quoque
1044 1102 1214 1145 partibus
1242 1113 1370 1145 agam,
1413 1103 1545 1146 quibus
1572 1104 1752 1148 pluarynx
1786 1108 1916 1141 exseri

166 1169 206 1198 et
229 1163 382 1205 retrahi,
409 1165 654 1197 mandibulae
682 1174 774 1197 vero
804 1175 848 1197 eo
877 1175 987 1208 quem
1016 1165 1242 1200 adumbravi
1266 1166 1381 1199 modo
1408 1169 1556 1202 moveri
1582 1170 1739 1212 possint.
1793 1170 1916 1216 Supra

162 1229 238 1264 iam
267 1229 585 1271 commemoravi,
612 1229 875 1263 membranam
904 1239 1114 1270 mucosam,
1144 1240 1238 1275 quae
1266 1229 1314 1263 ad
1341 1229 1577 1276 pharyngem
1612 1232 1914 1271 constituendam

162 1296 322 1331 multum
350 1294 530 1335 conferat,
558 1295 599 1328 in
624 1295 812 1328 anteriore
833 1294 896 1329 vel
924 1294 1098 1329 breviore
1128 1296 1259 1339 organi
1292 1296 1393 1329 illius
1420 1302 1528 1342 parte
1557 1297 1667 1341 longe
1697 1299 1772 1333 alio
1799 1302 1914 1337 modo

162 1369 203 1396 se
234 1361 393 1401 habere,
432 1371 543 1405 quam
573 1361 613 1394 in
644 1361 875 1406 posteriore,
917 1361 1044 1395 varias
1079 1366 1206 1393 autem
1243 1361 1393 1395 tunicae
1427 1362 1529 1396 illius
1563 1368 1693 1407 partes
1731 1366 1914 1402 ambobus

163 1426 399 1475 proboscidis
426 1425 657 1471 respondere
687 1427 845 1460 annulis.
899 1425 1045 1459 Eadem
1072 1426 1207 1460 valent
1232 1425 1279 1460 de
1309 1437 1460 1469 earum,
1495 1428 1627 1474 quibus
1654 1428 1833 1476 pharynx
1859 1440 1917 1468 est

162 1494 355 1541 praed—ita,
387 1493 564 1526 fibrarum
591 1491 855 1526 muscularium
895 1491 1155 1536 dispositione.
1207 1491 1269 1525 Ad
1302 1493 1552 1537 posteriorem
1590 1495 1719 1539 organi
1754 1495 1801 1530 de
1841 1509 1914 1544 quo

163 1561 286 1606 agitur
312 1564 459 1604 partem
485 1557 674 1603 imprimis
703 1568 770 1590 eae
799 1557 994 1602 pertinent
1009 1557 1136 1597 fibrae,
1165 1556 1298 1601 quibus
1316 1559 1560 1593 mandibulae
1579 1561 1727 1595 moveri
1744 1570 1913 1606 possunt.

166 1624 334 1668 Quatuor
367 1625 598 1658 constituunt
630 1622 827 1655 fasciculos
863 1633 933 1668 per
964 1623 1072 1668 paria
1107 1621 1331 1668 dispositos,
1379 1635 1535 1669 querum
1577 1624 1651 1658 duo
1688 1628 1828 1670 partim
1864 1629 1913 1664 ad

163 1690 292 1737 organi
318 1690 421 1723 illius
448 1689 587 1730 latera,
614 1687 752 1734 partim
780 1688 821 1722 in
848 1689 1044 1734 superiore
1073 1689 1152 1722 eius
1179 1688 1274 1722 facie
1301 1694 1388 1722 sunt
1413 1689 1495 1731 siti,
1521 1688 1750 1735 reliquorum
1786 1698 1912 1728 autem

163 1758 260 1793 alter
285 1756 325 1790 in
351 1756 557 1802 superiore,
586 1754 681 1787 alter
708 1753 747 1786 in
774 1754 955 1787 inferiore
985 1754 1064 1788 eius
1091 1754 1187 1788 facie
1204 1754 1328 1788 locum
1351 1754 1475 1788 habet.
1502 1753 1619 1788 Primi
1635 1755 1737 1800 paris
1755 1763 1911 1806 uterque

162 1823 361 1860 fasciculus
387 1820 496 1868 (Tab.
522 1819 585 1853 III.
609 1819 691 1864 Fig.
719 1822 753 1861 5,
782 1831 812 1853 e.
846 1819 926 1865 Fig.
957 1823 976 1854 7
1007 1826 1044 1854 et
1069 1825 1102 1863 8,
1130 1819 1176 1865 cl)
1215 1831 1237 1854 a
1263 1819 1467 1866 pharyngis
1504 1820 1621 1855 fundo
1654 1823 1910 1868 proficiscitur,

164 1890 355 1925 anteriora
380 1898 513 1923 versus
540 1885 681 1929 tendit,
710 1890 748 1919 et
775 1896 860 1919 eum
889 1886 1038 1921 tunicae
1066 1899 1242 1922 mucosae
1275 1886 1375 1933 petit
1401 1897 1637 1933 processum,
1670 1889 1737 1933 qui
1763 1890 1910 1924 mandi-

161 1956 274 1992 bulae
300 1953 467 1989 radicem
495 1952 645 1998 explet,
682 1963 754 1998 quo
787 1952 827 1985 in
856 1951 1013 1987 decursu
1046 1953 1289 1988 tenuissimae
1314 1954 1395 1988 eius
1428 1955 1543 1988 fibrae
1570 1954 1691 1999 magis
1717 1955 1909 2001 magisque

165 2025 408 2066 convergunt,
434 2018 572 2065 partim
601 2018 700 2052 inter
727 2028 767 2052 se
797 2018 1005 2062 confluunt,
1034 2024 1072 2053 et
1098 2019 1386 2065 quodammodo
1407 2019 1575 2066 speciem
1604 2020 1754 2065 pulvilli
1777 2021 1909 2056 adum-

164 2088 286 2123 brant.
311 2084 434 2121 Ambo
462 2085 620 2119 musculi
647 2095 761 2131 quum
788 2084 1069 2128 contrahuntur,
1096 2086 1336 2121 mandibulas
1363 2087 1419 2121 ita
1446 2092 1616 2129 movent,
1642 2092 1684 2120 ut
1700 2087 1909 2123 anteriores

165 2163 296 2189 earum
319 2152 383 2187 vel
409 2157 635 2197 praeacutae
668 2157 796 2198 partes
831 2152 995 2187 invicem
1024 2151 1241 2196 discedant,
1276 2152 1425 2199 forceps
1451 2153 1583 2198 igitur,
1621 2162 1734 2197 quam
1760 2152 1909 2187 mandi-

165 2220 278 2256 bulae
303 2217 485 2258 referunt,
512 2218 712 2263 aperiatur.

332 2283 474 2319 Contra
500 2283 741 2317 mandibulae
769 2284 1118 2330 appropinquantur
1136 2285 1226 2331 quin
1239 2286 1355 2320 etiam
1374 2285 1596 2326 cruciantur,
1625 2294 1738 2329 quum
1753 2283 1908 2318 secundi

166 2351 268 2400 paris
293 2350 452 2385 musculi
479 2348 757 2385 contrahuntur.
810 2350 974 2392 Quorum
1002 2358 1158 2398 uterque
1186 2350 1295 2396 (Tab.
1321 2352 1386 2386 ΙΙΙ.
1414 2351 1495 2395 Fig.
1523 2353 1543 2383 5
1573 2354 1612 2383 et
1638 2352 1672 2392 S,
1701 2349 1730 2395 l)
1757 2361 1778 2383 e
1804 2350 1907 2384 fibris

169 2418 399 2464 compositus
426 2416 680 2458 crassioribus,
705 2417 950 2459 transversis,
981 2423 1019 2451 et
1048 2424 1243 2453 extremas
1276 2423 1404 2464 partes
1437 2425 1570 2453 versus
1605 2414 1905 2457 confertioribus,

166 2496 245 2522 non
267 2484 322 2519 ita
346 2488 460 2519 tenue
488 2483 649 2519 exhibet
669 2488 847 2527 stratum,
881 2489 967 2519 ante
995 2483 1111 2531 primi
1142 2484 1243 2531 paris
1269 2484 1457 2520 musculos
1483 2482 1607 2518 locum
1632 2481 1765 2524 habet,
1794 2486 1904 2526 atque

1678 2549 1699 2581 5
