2150 2904
1049 233 1097 268 26

201 344 397 387 distantes,
424 340 571 377 modice
593 338 865 386 prominentes,
891 348 970 374 non
995 339 1051 373 ita
1076 338 1223 383 magni,
1250 336 1502 381 lentiformes‚
1530 338 1720 385 simplices
1755 345 1795 374 et
1821 349 1954 386 super-

197 412 279 447 ficie
310 411 423 458 plane
450 408 590 443 laeves.
642 405 707 441 Ex
733 406 922 440 anteriore
951 411 1078 441 autem
1106 405 1185 440 eius
1220 404 1388 450 margine
1418 403 1491 440 duo
1518 406 1802 452 proficiscuntur
1827 411 1955 441 tenta-

203 477 286 512 cula
320 474 469 517 brevia,
503 474 653 515 tenuia,
681 472 818 506 teretia
854 479 892 507 et
927 473 1152 519 simplicia,
1174 483 1329 519 quorum
1364 472 1523 506 alterum
1555 473 1668 507 iuxta
1699 473 1858 507 alterum
1896 478 1954 507 est

203 543 316 578 situm
346 539 456 585 [Tab.
481 540 526 574 Π.
552 539 633 586 Fig.
658 544 690 584 1,
719 543 752 583 2,
782 543 816 584 7,
845 540 898 585 α].
951 538 1013 574 Ad
1038 540 1158 574 latera
1186 551 1315 574 eorum
1344 539 1419 574 duo
1456 540 1531 573 alia
1558 538 1837 585 conspiciuntur
1871 544 1955 575 ten-

204 608 349 649 tacula,
378 617 472 653 quae
505 613 635 641 tamen
672 607 748 642 illis
780 609 899 643 multo
922 606 1010 642 sunt
1051 607 1214 649 maiora,
1253 613 1292 641 et
1326 617 1482 653 quorum
1517 612 1717 651 utrumque
1754 617 1774 639 e
1811 605 1956 641 duobus

206 679 353 709 constat
375 673 540 707 articulis
567 674 828 720 magnitudine
856 673 1062 709 admodum
1090 673 1363 720 inaequalibus.
1392 672 1501 719 [Tah.
1523 673 1566 707 Π.
1595 672 1675 718 Fig.
1697 676 1729 714 1,
1750 676 1771 706 2
1788 679 1827 707 et
1855 676 1888 717 7,
1906 673 1959 718 h].

205 741 398 775 Posterior
419 731 528 775 mali
549 736 656 775 citrei
682 732 798 776 habet
832 732 1015 783 formam,
1043 746 1081 774 et
1107 730 1350 783 anteriorem,
1377 740 1441 786 'qui
1467 740 1573 787 pomi
1609 740 1771 774 amantii
1794 740 1956 775 formam

207 808 385 849 aemulat,
411 806 460 840 ad
488 807 672 842 ambitum
696 809 876 855 sextuplo
904 808 984 842 fere
1013 813 1051 842 et
1078 809 1240 855 amplius
1269 813 1434 853 superat.
1490 805 1596 849 Quae
1630 805 1744 841 modo
1773 805 1959 852 descripsi

208 873 358 907 maiora
380 874 571 908 tentacula
606 874 784 909 fibrarum
820 875 1087 909 muscularium
1124 880 1202 909 tum
1241 874 1571 920 longitudinalium
1604 879 1682 907 tum
1721 872 1959 906 circularium

208 948 299 985 ope,
335 950 489 986 quarum
521 952 697 986 magnam
732 941 880 987 copiam
914 942 954 976 in
979 942 1026 977 iis
1053 942 1196 985 inveni,
1225 942 1339 978 modo
1367 941 1555 984 contrahi,
1582 939 1704 977 modo
1741 936 1959 985 prolongari

208 1012 386 1051 possunt,
420 1006 569 1041 minora
603 1012 730 1042 autem
746 1018 922 1071 >demper
955 1019 1072 1045 unam
1105 1008 1185 1045 fere
1222 1009 1459 1057 eandemque
1493 1006 1770 1055 longitudinem
1805 1014 1959 1041 servare

207 1071 405 1107 videntur*

376 1145 430 1179 O's-
452 1146 493 1180 in
518 1147 652 1191 capitis
676 1133 787 1193 parte
814 1149 1026 1192 posteriore
1062 1149 1286 1182 observatur
1318 1152 1431 1192 atque
1467 1147 1635 1192 amplum
1673 1146 1832 1181 exhibet
1862 1144 1963 1180 fora-

209 1222 310 1253 men,
338 1210 439 1257 quod
467 1212 596 1245 annuli
624 1223 646 1247 a
672 1219 780 1259 parte
802 1213 869 1247 illa
894 1214 1088 1247 constituti
1115 1220 1331 1259 aperturam
1358 1213 1486 1247 refert.
1515 1213 1624 1259 (Tab.
1650 1212 1696 1247 II.
1722 1212 1803 1257 Fig.
1833 1211 1880 1256 1.)

294 1274 353 1307 An
364 1286 411 1305 no
422 1276 545 1307 tatio.
562 1275 740 1314 Annulum„
759 1287 852 1317 quem
878 1278 1092 1319 posteriorem
1110 1277 1222 1317 capitis
1239 1282 1360 1316 partem
1376 1275 1544 1316 appellavi,
1571 1276 1670 1307 ΟΤΤο
1685 1277 1741 1309 Ρη.
1754 1275 1961 1313 Μυειικπῆ

338 1332 496 1365 Nereides
519 1335 653 1372 collum,
685 1334 741 1364 alii
763 1346 838 1365 vero
870 1337 1005 1376 primum
1035 1335 1178 1375 corporis
1201 1332 1352 1364 ammlum
1374 1335 1629 1366 nominaverunt.
1672 1335 1777 1370 Quum
1800 1341 1907 1365 autem
1927 1334 1963 1365 in

336 1398 428 1432 parte
457 1391 514 1423 illa
539 1403 578 1423 os
606 1393 804 1429 inveniatur,
840 1393 886 1423 rei
918 1394 1023 1436 aptius
1044 1393 1123 1424 mihi
1143 1391 1334 1430 videbatur,
1355 1392 1385 1423 ei
1408 1391 1497 1423 aliud
1518 1394 1680 1435 imponere
1701 1403 1839 1432 nomen,
1869 1403 1962 1436 quam

338 1449 423 1491 quod
447 1450 510 1480 viri
530 1450 579 1481 illi
603 1450 690 1481 docti
711 1450 742 1480 ei
765 1449 962 1481 indiderant.

379 1522 411 1571 ξ.
433 1528 470 1559 3..
495 1524 567 1567 Qui
596 1537 735 1572 corpus
756 1526 911 1573 proprie
937 1525 1079 1562 dietum
1104 1529 1310 1563 costituunt
1337 1528 1487 1571 annuli,
1514 1527 1779 1574 magnitudine
1811 1526 1966 1574 quidem

212 1590 441 1636 discrepant,
470 1590 520 1624 ad
546 1592 709 1625 formam
737 1597 868 1626 tamen
895 1593 1049 1626 omnino
1073 1592 1154 1627 fere
1180 1595 1280 1627 inter
1307 1604 1347 1626 se
1375 1595 1617 1629 conveniunt.
1644 1593 1678 1629 A
1697 1594 1822 1640 capite
1846 1604 1964 1640 usque

202 1656 263 1694 ,ad
291 1655 499 1690 secundiun
533 1655 702 1702 corporis
738 1656 918 1692 trientem
953 1659 1073 1703 magis
1113 1660 1325 1705 magisque,
1361 1664 1476 1705 prout
1506 1659 1602 1693 alius
1634 1659 1749 1693 alium
1783 1659 1964 1706 sequitur,

214 1722 511 1769 amplificantur,
547 1723 594 1757 ab
623 1734 667 1756 eo
705 1734 798 1758 vero
834 1735 951 1771 usque
989 1725 1038 1759 ad
1073 1725 1325 1771 posteriorem
1363 1725 1529 1771 corporis
1562 1731 1713 1770 partem
1749 1731 1965 1760 extremam

212 1799 341 1825 rursus
369 1788 651 1823 deminuuntur.
702 1788 844 1824 Omnes
871 1797 909 1825 et
936 1802 1098 1837 superne
1127 1798 1166 1826 et
1199 1792 1347 1826 inferne
1376 1792 1651 1838 aliquantulum
1688 1797 1773 1826 sunt
1800 1792 1967 1839 compla-

211 1857 305 1898 nati,
333 1861 372 1890 et
395 1855 648 1902 unusquisque
676 1867 826 1901 eorum,
855 1857 1004 1893 duobus
1027 1863 1091 1892 aut
1118 1857 1237 1892 tribus
1263 1858 1406 1893 ultimis
1434 1859 1629 1904 exceptis,
1666 1858 1811 1893 duabus
1843 1858 1964 1904 iisque

213 1922 363 1968 magnis
385 1922 586 1956 instructus
614 1928 672 1957 est
697 1923 899 1968 branchiis,
927 1925 1049 1960 altera
1076 1924 1234 1966 dextra,
1268 1924 1390 1958 altera
1416 1924 1578 1958 sinistra.
1613 1924 1722 1970 (Tab.
1749 1926 1794 1959 Π.
1821 1925 1902 1970 Fig.
1931 1928 1964 1965 1,

213 1989 239 2025 Ιι
267 1994 305 2023 et
328 1989 353 2024 i.
384 1988 467 2033 Fig.
495 1991 514 2022 7
544 1993 582 2022 et
606 1987 686 2034 Fig.
718 1993 783 2033 12,
820 1989 914 2025 Tab.
943 1989 1007 2024 111.
1034 1990 1115 2037 Fig.
1145 1994 1189 2026 13
1219 1996 1257 2025 et
1286 1993 1342 2026 15.
1376 1989 1542 2037 Utraque
1575 1990 1756 2025 branchia
1791 1996 1916 2026 autem
1944 2000 1965 2023 e

216 2054 361 2090 duabus
390 2060 537 2089 constat
564 2056 745 2100 partibus,
775 2056 896 2091 altera
920 2057 1115 2101 interiore,
1142 2058 1262 2092 altera
1298 2058 1490 2093 exteriore
1526 2057 1588 2093 vel
1623 2057 1669 2091 ab
1702 2057 1786 2104 ipso
1823 2055 1963 2090 annulo

219 2122 442 2157 remotiore.
460 2121 529 2156 Illa
547 2120 655 2167 (rab.
670 2122 733 2156 III.
758 2122 841 2169 Fig.
857 2126 901 2159 13
919 2131 958 2159 et
979 2128 1021 2160 15
1034 2125 1068 2172 b)
1101 2136 1194 2172 quae
1212 2124 1306 2160 mihi
1324 2130 1475 2160 truncus
1493 2123 1612 2166 audit,
1639 2124 1767 2170 amplo
1784 2124 1965 2157 instructa

218 2195 276 2222 est
303 2198 396 2224 cavo
427 2187 543 2234 [quod
571 2198 655 2222 cum
683 2191 873 2225 communi
900 2192 1069 2238 corporis
1095 2204 1189 2228 cavo
1218 2192 1484 2227 commercium
1519 2190 1636 2225 habet
1670 2196 1781 2237 atque
1813 2193 1966 2235 praeter

218 2253 335 2287 telam
362 2254 585 2289 cellulosam.
609 2256 736 2291 varias
764 2257 857 2292 alias
882 2263 1010 2304 partes
1036 2257 1219 2305 continet)
1249 2264 1336 2293 ante
1365 2263 1403 2292 et
1428 2268 1527 2303 pone
1556 2256 1827 2303 aliquantulum
1864 2265 1965 2288 com-

218 2318 374 2364 planata
398 2320 603 2364 invenitur,
630 2321 788 2357 alteram
814 2331 965 2370 partem
991 2336 1124 2362 versus
1152 2325 1300 2361 modice
1328 2329 1566 2370 angustatur,
1598 2328 1710 2369 atque
1740 2332 1788 2356 ea
1812 2330 1966 2368 semper

301 2457 331 2502 ¹⁸)
349 2457 634 2500 Naturgesohichte
655 2464 780 2506 einiger
802 2465 1018 2503 Wurmarten.
1040 2468 1118 2510 Pag.
1143 2467 1213 2500 122·-
