2150 2904
1043 230 1090 262 36

203 341 329 377 tunica
349 340 465 376 talem
490 336 712 372 manifestat
737 334 939 377 fabricam,
971 334 1121 380 qualem
1147 342 1226 367 non
1247 332 1321 367 nisi
1344 332 1386 366 in
1412 331 1570 366 aliorum
1596 331 1945 368 invertebratorum'

203 407 422 443 animalium
448 401 657 440 ventriculo
691 400 911 447 reperimus.
969 399 1053 434 Huc
1090 400 1253 443 accedit,
1287 397 1387 445 quod
1422 409 1508 432 eum
1539 407 1806 444 nonnunquam
1837 398 1944 444 pulte

202 474 424 508 subcinerea
449 476 487 504 et
515 468 706 515 spissiore,
735 467 874 512 quippe
902 477 996 512 quae
1024 466 1080 500 nil
1114 467 1189 501 nisi
1216 466 1402 512 digestum
1429 464 1700 499 nutrimentum
1736 465 1946 507 videretur,

202 538 389 585 repletum
414 535 558 571 inveni.

365 601 399 636 V
404 600 606 635 entriculus
631 611 816 646 nusquam
842 600 1148 635 membranarum
1177 607 1241 635 aut
1265 600 1442 634 fibrarum
1471 598 1735 632 muscularium
1763 608 1836 643 ope
1863 586 1948 632 cum

203 675 285 704 cute
309 669 463 714 eiusque
490 667 667 702 musculis
695 673 794 701 arcte
823 672 881 700 est
907 666 1074 709 iunctus,
1102 665 1170 701 sed
1195 667 1285 700 laxe
1313 671 1458 700 tautum
1486 665 1616 701 nervis
1641 665 1820 711 vasisque
1854 675 1949 699 non-

202 735 315 770 nullis
344 734 392 768 ad
418 738 546 780 partes
572 733 657 767 illas
681 739 738 767 est
761 733 946 777 alligatus.
1001 731 1141 767 Contra
1171 744 1282 767 omne
1310 732 1533 766 intestinum
1566 725 1644 765 non
1673 731 1794 765 solum
1829 740 1950 765 mem·-

203 801 330 836 branis
358 799 600 845 quibusdam,
627 811 758 835 verum
787 799 903 833 etiam
932 799 1202 833 muscularibus
1234 799 1336 833 fibris
1364 810 1446 832 cum
1476 804 1558 833 cute
1588 798 1741 843 eiusque
1769 796 1949 831 musculis

203 872 305 901 arcte
333 865 519 907 cohaeret,
546 865 601 899 ita
623 870 663 899 ut
685 865 789 899 nulla
817 866 896 899 eius
922 876 1011 911 pars
1039 877 1148 911 quem
1173 866 1320 899 obtinet
1333 865 1456 899 locum
1472 875 1635 911 unquam
1655 857 1802 898 mutare
1818 861 1950 908 possit.

205 931 326 975 Quum
354 937 482 966 autem
508 931 730 964 intestinum
757 942 840 964 cum
863 931 1075 966 ventriculo
1099 942 1244 977 quoque
1265 932 1530 966 commercium
1547 931 1697 972 habeat,
1724 929 1814 964 inde
1832 932 1949 974 patet,

201 998 453 1033 ventriculum
482 1007 554 1043 quo
582 1002 753 1043 tempore
779 998 960 1044 pharynx
988 998 1196 1039 exseritm·‚
1231 998 1278 1032 ab
1307 1008 1353 1031 ea
1388 1002 1535 1032 tantum
1563 995 1798 1043 prolongari,
1829 993 1951 1028 neuti-

203 1073 315 1107 quam
336 1074 429 1098 vero
457 1063 626 1107 protrahi
652 1074 775 1106 posse.
828 1063 974 1096 Eadem
1004 1074 1056 1096 ex
1081 1075 1196 1096 causa
1230 1065 1340 1096 facile
1374 1063 1536 1105 intelligi
1562 1068 1707 1106 potest,
1742 1061 1952 1095 validiores

201 1127 401 1161 ventriculi
427 1127 539 1162 fibras
566 1125 872 1171 longitudinales‚
901 1136 1013 1170 quum
1041 1137 1167 1160 rursus
1196 1126 1477 1166 contrahuntur,
1501 1125 1736 1170 pharyngem
1755 1131 1952 1160 exsertam

201 1196 397 1226 revertere
425 1196 464 1224 et
487 1192 528 1225 in
554 1191 720 1235 corporis
748 1200 883 1225 cavum
909 1189 1061 1234 penitus
1086 1192 1281 1225 retrahere
1307 1201 1428 1237 posse.
1455 1190 1586 1236 Itaque
1614 1192 1817 1225 ventriculi
1834 1191 1951 1225 fibrae

203 1256 496 1302 longitudinales
521 1267 652 1289 eorum
678 1258 946 1296 musculorum,
971 1256 1034 1300 qui
1057 1256 1294 1301 pharyngem
1320 1256 1512 1292 invertere
1538 1263 1577 1291 et
1600 1268 1781 1292 exserere
1799 1262 1952 1303 queunt,

204 1323 464 1367 antagonistae
497 1320 687 1356 videntur.

286 1393 315 1425 A
328 1404 348 1424 n
362 1404 382 1424 n
395 1405 413 1424 o
427 1393 533 1424 tatio
554 1392 580 1425 I.
600 1391 636 1423 In
658 1392 781 1425 duabus
801 1394 872 1425 aliis
895 1395 1023 1436 generis
1037 1394 1194 1426 Nereides
1216 1395 1395 1437 speciebus,
1418 1407 1496 1438 quas
1519 1397 1631 1428 itIdem
1655 1398 1687 1428 in
1702 1396 1803 1428 Ponto
1823 1397 1952 1428 Euxino

328 1452 542 1489 inveniemm,
574 1462 767 1492 quarumque
795 1452 897 1483 altera
920 1452 1076 1484 Nereis
1098 1451 1298 1484 lobulata
1319 1453 1421 1484 altera
1443 1453 1595 1486 Nereis
1619 1455 1679 1486 Du
1689 1455 1852 1486 merilii
1874 1455 1954 1486 mihi

330 1509 497 1546 videntur,
527 1508 738 1540 ventriculum
761 1511 929 1549 perpaucis
951 1516 1073 1541 tantum
1098 1511 1355 1552 tenuissimisque
1376 1511 1466 1542 fibris
1501 1514 1732 1545 muscularibus
1764 1514 1954 1544 instructum

324 1566 401 1598 vidi.
448 1565 604 1597 Dubitare
632 1567 731 1606 igitur
754 1577 818 1596 non
848 1569 955 1606 potui,
991 1569 1066 1608 quin
1093 1569 1126 1597 in
1155 1567 1309 1597 ambobus
1344 1568 1409 1599 illis
1439 1570 1629 1601 animalibus
1653 1571 1823 1601 ventriculi
1851 1569 1953 1602 fibrae

324 1623 520 1654 musculares
539 1622 734 1662 pharyngem
757 1623 914 1653 inversam
938 1626 1119 1665 neutiquam
1142 1632 1302 1656 revertere
1324 1631 1357 1655 et
1380 1626 1542 1657 retrahere
1565 1635 1708 1667 possent.
1739 1628 1832 1664 Quod
1856 1641 1952 1670 quum

329 1679 580 1715 intellexissem,
609 1685 767 1709 scrutatus
801 1690 887 1717 sum,
919 1690 994 1711 num
1021 1681 1104 1711 aliae
1130 1683 1320 1723 investigari
1341 1691 1472 1724 possent
1499 1685 1598 1715 fibrae
1628 1684 1843 1725 musculares,
1873 1698 1955 1728 quae

325 1737 453 1768 illarum
475 1737 561 1767 vices
580 1743 724 1777 agerent.
767 1737 808 1767 Et
829 1747 979 1778 magnum
1004 1739 1111 1769 inveni
1132 1739 1284 1772 fibrarum
1306 1741 1530 1772 muscularium
1549 1752 1727 1779 numerum,
1748 1754 1828 1784 quae
1844 1754 1955 1777 omnes

327 1807 347 1826 a
369 1794 541 1836 pharyngis
562 1795 726 1836 superiore
749 1795 830 1826 facie
853 1802 885 1826 et
907 1797 1033 1837 quidem
1056 1797 1132 1828 inde
1153 1798 1193 1828 ab
1215 1810 1253 1829 eo
1274 1802 1357 1837 loco,
1373 1800 1427 1831 ubi
1448 1798 1702 1831 mandibularum
1723 1801 1859 1832 musculi
1876 1802 1954 1843 pha-

327 1853 437 1893 rjngis
459 1853 556 1883 fibras
582 1851 752 1883 circulares
775 1854 1005 1895 propemodum
1027 1855 1273 1896 contingebant,
1296 1858 1599 1898 proficiscebantur,
1623 1859 1818 1898 posteriores
1845 1866 1954 1900 partes

331 1921 445 1942 versus
464 1909 655 1948 tendebant,
676 1917 708 1941 et
728 1911 837 1942 annuli
861 1914 980 1954 quinti,
1001 1915 1102 1951 sexti,
1125 1915 1269 1955 septimi,
1293 1918 1396 1947 octavi
1419 1923 1451 1948 et
1472 1917 1548 1948 noni
1579 1916 1777 1957 superiorem
1803 1920 1957 1957 parietem

330 1966 500 2010 petebant,
531 1968 637 2008 itaque
658 1968 753 1999 talem
783 1969 944 2001 habebant
966 1972 1062 2003 situm
1085 1978 1116 2002 et
1140 1973 1420 2017 coniunctionem,
1446 1974 1548 2016 qualis
1574 1973 1615 2005 ad
1633 1974 1830 2015 pharyngem
1855 1981 1956 2006 retra-

333 2026 471 2058 hendam
493 2037 585 2067 quam
606 2026 748 2056 maxime
770 2034 863 2068 aptus
887 2029 1024 2061 videtur.

290 2102 347 2134 An
359 2100 526 2131 notatio
549 2099 591 2132 ΙΙ.
635 2099 673 2131 In
691 2099 875 2133 Nereide
901 2103 1100 2137 lobulata
1130 2106 1323 2137 ventriculus
1345 2106 1461 2148 ubique
1485 2105 1627 2138 eiusdem
1649 2105 1716 2136 fere
1740 2112 1790 2136 est
1806 2102 1956 2147 amplitu-

335 2158 431 2195 dinis,
454 2168 565 2188 omnes
584 2159 815 2199 prominentiae
836 2171 930 2199 vero,
955 2173 1036 2203 quae
1057 2163 1090 2194 in
1109 2165 1261 2195 interiore
1279 2166 1347 2195 eius
1369 2164 1536 2206 superficie
1555 2162 1785 2200 observantur,
1808 2174 1956 2204 quarum·

338 2227 399 2258 que
433 2225 493 2245 sex
521 2217 620 2246 series
644 2223 791 2254 exstant,
824 2218 1064 2251 rhomboideam
1101 2221 1220 2252 habeut
1244 2222 1378 2254 formam
1405 2227 1499 2262 atque
1529 2231 1623 2252 unam
1656 2222 1724 2252 fere
1758 2221 1954 2264 eandemque

335 2272 596 2313 magnitudinem.
618 2273 700 2306 Eius
717 2276 903 2317 epithelium
920 2278 1032 2309 eodem
1049 2279 1143 2310 modo
1157 2291 1191 2311 se
1206 2279 1311 2315 habet,
1334 2285 1428 2320 atque
1440 2278 1472 2308 in
1496 2277 1679 2310 Nereide
1704 2277 1954 2318 pulsator-ia.

336 2329 531 2360 Intermedia
557 2331 626 2362 eius
654 2332 705 2363 vel
733 2344 772 2363 ea
792 2333 989 2374 substantia,
1020 2349 1100 2379 quae
1129 2339 1213 2369 inter
1236 2335 1422 2378 epithelium
1451 2335 1531 2367 illud
1569 2342 1600 2367 et
1628 2335 1727 2366 fibras
1757 2337 1954 2370 musoulares

339 2386 518 2422 intercedit,
543 2399 685 2431 quaeque
706 2393 822 2433 partim
845 2395 981 2426 crassius
1002 2395 1131 2427 exbibet
1151 2401 1301 2431 stratum,
1321 2395 1435 2435 partim
1454 2405 1532 2426 vero
1551 2394 1778 2435 prominentfas
1801 2406 1854 2427 eas
1876 2407 1952 2428 con-

336 2442 448 2480 Sfituiss
470 2453 599 2483 quarum
620 2458 717 2490 supra
739 2451 932 2486 mentionem
953 2453 1026 2493 feci,
1049 2464 1094 2486 ex
1112 2454 1205 2486 fusco<
1223 2453 1454 2493 nigrescentem
1477 2458 1531 2484 aut
1553 2461 1596 2485 ex
1614 2450 1701 2483 luteo
1719 2451 1843 2485 fuscum
1854 2454 1952 2487 habet
