2150 2904
1018 245 1065 277 49

945 294 1154 301 ——-—-

162 352 259 388 alter
282 363 381 399 pone
407 352 521 387 cirros
550 362 634 396 eos,
663 350 796 397 quibus
826 355 1024 395 utrumque
1054 348 1189 397 capitis
1217 349 1316 383 latus
1342 349 1569 386 instructum
1598 357 1673 396 est,
1707 354 1912 403 invonitur,

164 417 271 460 alter,
299 419 439 465 quippe
468 420 530 465 qui
557 419 623 453 illo
652 418 769 452 multo
798 416 848 451 sit
877 419 1097 460 extensior,
1125 415 1350 461 angustioris
1380 417 1580 464 brevisque
1608 421 1759 455 taeniae
1787 424 1912 468 specie

164 483 334 518 eiusdem
367 485 498 520 lateris
540 485 663 519 maius
701 484 767 520 vel
808 483 967 518 laterale
1009 483 1191 528 contingit
1233 482 1476 518 tentaculum.
1538 484 1694 531 Angulis
1738 490 1912 535 exceptis

163 560 315 595 organa,
346 562 439 597 quae
466 551 580 586 modo
608 550 803 596 descripsi,
831 550 935 584 nulla
960 556 1067 596 parte
1097 549 1182 584 aliis
1210 550 1378 596 corporis
1404 551 1574 597 partibus
1599 551 1818 597 adhaerent,
1845 553 1914 591 sed

163 617 330 663 corporis
356 616 494 663 parieti
524 616 692 651 inferiori
718 622 867 652 tantum
893 617 1125 652 incumbant.

328 715 495 752 Alterius
519 717 621 764 paris
653 727 792 763 organa
818 718 894 752 illis
915 717 1029 764 paulo
1057 718 1205 753 maiora
1230 724 1326 763 sunt,
1353 719 1401 755 ad
1428 720 1633 766 pharyngis
1654 719 1774 754 latera
1789 720 1913 757 locum

161 782 316 825 habent,
343 789 382 818 et
407 784 542 818 intime
570 795 653 818 cum
681 795 726 818 ea
753 790 841 819 sunt
867 786 1005 827 iuncta,
1033 785 1087 819 ita
1114 792 1167 828 ut,
1195 797 1267 832 quo
1296 791 1470 831 tempore
1497 786 1677 832 pliarynx
1695 786 1915 822 alternatim

163 855 253 885 ante
278 856 318 884 et
342 856 445 885 retro
468 856 656 892 movetur,
683 850 777 885 haec
805 863 889 886 eam
919 852 1025 899 sequi
1053 857 1238 898 oporteat.
1267 851 1435 897 (Tab.II.
1461 852 1542 897 Fig.
1559 854 1591 893 7,
1611 853 1684 898 ff.
1711 851 1914 897 Fig.8,h.).

162 915 295 950 Partes
319 927 411 952 vcro
440 928 533 963 quae
563 928 703 962 organa
731 929 776 952 ea
804 929 887 952 cum
908 919 1102 965 pliarynge
1120 919 1360 964 coniungunt,
1388 924 1541 964 praeter
1559 918 1676 952 telam
1694 919 1914 957 cellulosam

161 983 366 1017 nonnullae
393 983 509 1017 fibrae
533 989 620 1018 sunt
646 985 889 1027 musculares,
917 995 1012 1030 quae
1042 985 1083 1018 in
1112 991 1275 1032 utroque
1301 985 1458 1020 visceris
1485 983 1586 1017 illius
1613 983 1732 1019 latere
1761 990 1916 1021 tenuem

162 1049 394 1084 constituunt
416 1049 647 1093 fasciculum,
676 1062 846 1098 quaeque
875 1050 922 1084 ab
952 1050 1031 1085 eius
1057 1058 1167 1098 parte
1196 1051 1408 1098 posteriore
1436 1049 1485 1084 ad
1509 1050 1760 1096 posteriorem
1783 1052 1916 1098 capitis

161 1120 312 1162 partem
338 1113 540 1149 tendentes
568 1124 805 1159 organorum,
833 1116 880 1149 de
909 1116 1041 1161 quibus
1066 1116 1272 1161 loquimur,
1300 1114 1467 1149 mediam
1503 1120 1654 1159 partem
1689 1116 1917 1161 transgredi-

162 1188 276 1215 untur
300 1179 408 1226 (Tab.
435 1179 480 1213 ΙΙ.
509 1178 587 1223 Fig.
615 1179 661 1222 7.)
689 1179 746 1212 ita
771 1185 813 1213 ut
840 1192 980 1225 organa
1006 1186 1135 1214 nostra
1169 1182 1268 1214 inter
1304 1179 1502 1214 fasciculos
1535 1180 1651 1214 modo
1686 1190 1918 1219 memoratos

165 1253 205 1283 et
229 1247 413 1292 reliquam
440 1244 644 1290 pliaryngis
671 1251 821 1292 partem
847 1247 992 1281 inclusa
1019 1246 1104 1280 sint.
1160 1244 1370 1292 Utrumque
1397 1244 1559 1279 formam
1593 1244 1752 1280 haberet
1785 1248 1917 1283 corda-

162 1318 257 1356 tam,
279 1313 312 1347 si
339 1312 452 1346 latior
480 1311 560 1345 eius
585 1322 674 1357 pars
700 1313 764 1347 vel
790 1313 893 1347 basis
921 1323 998 1346 non
1020 1311 1060 1345 in
1087 1310 1181 1346 duos
1203 1318 1388 1357 protensa
1416 1316 1517 1344 esset
1532 1311 1705 1355 angulos3
1733 1311 1782 1346 ad
1796 1312 1917 1359 {situm

163 1392 257 1417 vero
283 1380 338 1414 ita
364 1390 403 1412 se
431 1377 557 1419 habet,
584 1383 625 1411 ut
653 1379 733 1412 eius
761 1388 866 1424 apex
892 1376 1101 1421 (angustior
1117 1377 1220 1422 pars)
1246 1377 1462 1424 posteriora
1475 1385 1619 1417 versus,
1646 1377 1802 1421 angulus
1818 1379 1916 1415 alter

166 1456 328 1490 sursum,
355 1445 451 1479 alter
477 1443 583 1489 isque
611 1443 765 1479 brevior
792 1448 830 1478 et
858 1443 1051 1489 angustior
1078 1441 1256 1478 deorsum
1284 1448 1440 1491 spectet,

336 1543 445 1586 Quod
479 1543 617 1577 attinet
651 1541 698 1576 ad
727 1541 1029 1576 coniunctionem
1058 1544 1274 1587 systematis
1300 1553 1481 1579 vasorum
1508 1542 1805 1588 sanguiferorum
1833 1555 1917 1580 cum

168 1611 342 1648 omnibus
365 1611 440 1645 illis
468 1610 615 1655 organis
642 1608 861 1649 reticulatis,
891 1619 936 1641 ea
958 1609 1011 1642 sie
1037 1619 1077 1642 se
1106 1609 1231 1644 hahet.
1258 1609 1335 1643 Vas
1352 1609 1500 1642 dorsale
1520 1609 1561 1642 in
1579 1609 1721 1642 cerebri
1743 1610 1917 1645 inferiori

166 1678 263 1714 facie
297 1677 337 1711 in
370 1683 445 1710 tres
479 1683 689 1721 pei-parvos
721 1672 946 1706 terminatur
977 1676 1163 1717 ramulos,
1207 1675 1269 1721 qui
1305 1674 1415 1709 brevi
1450 1673 1607 1708 decursu
1635 1674 1675 1707 in
1709 1680 1818 1719 parte
1849 1678 1918 1712 illa

168 1744 323 1780 omnino
352 1746 592 1778 evanescunt.
644 1738 747 1772 Pone
777 1748 841 1772 eos
870 1744 996 1773 autem
1026 1752 1046 1774 e
1072 1751 1162 1776 vase
1191 1740 1332 1775 dorsali
1354 1740 1528 1786 utrinque
1564 1738 1638 1772 duo
1666 1739 1852 1785 longiores
1881 1749 1918 1778 et

166 1811 287 1846 multo
332 1807 535 1852 ampliores
573 1804 858 1852 proficiscuntur
899 1806 1060 1849 ramuli,
1102 1818 1261 1852 quorum
1299 1807 1395 1841 alter
1429 1805 1537 1850 (Tab.
1562 1806 1609 1839 II.
1642 1804 1722 1850 Fig.
1751 1808 1784 1848 6,
1814 1809 1849 1851 d,
1872 1810 1915 1853 (l3

169 1877 250 1922 Fig.
279 1880 312 1919 8,
339 1888 387 1916 m,
404 1886 452 1914 m,
480 1871 541 1917 m.)
569 1871 676 1906 brevi
704 1876 790 1905 ante
815 1872 980 1917 primum
1007 1874 1172 1919 corporis
1199 1873 1379 1908 annulum
1405 1872 1446 1906 in
1471 1872 1590 1918 ipsius
1616 1871 1750 1917 capitis
1776 1877 1914 1911 annulo

169 1943 283 1979 rectis
310 1940 389 1975 fere
413 1939 556 1984 angulis
573 1950 592 1971 e
610 1948 701 1973 vase
729 1937 868 1973 dorsali
884 1939 1068 1985 procedit,
1096 1940 1268 1975 flexuoso
1285 1939 1443 1974 decursu
1460 1937 1654 1973 exteriora
1670 1942 1709 1971 et
1723 1942 1914 1977 anteriora

170 2019 303 2046 versus
339 2006 482 2047 tendit,
516 2005 629 2038 iuxta
664 2005 797 2051 capitis
842 2006 976 2049 cirros⁷
1018 2006 1150 2053 quibus
1189 2007 1451 2041 tenuissimum
1491 2004 1677 2039 surculum
1715 2005 1912 2052 impertire

170 2074 342 2117 videtur,
368 2083 526 2119 parvum
553 2071 693 2105 format
721 2071 917 2118 laqueum,
946 2072 1109 2119 denique
1143 2073 1356 2120 posteriora
1381 2082 1512 2108 versus
1548 2081 1588 2105 se
1613 2075 1767 2105 vertens
1803 2080 1913 2108 exte-

170 2142 311 2176 riorem
340 2139 438 2186 petit
466 2139 594 2184 organi
628 2139 816 2173 reticulati
849 2139 1040 2174 inferioris
1073 2141 1260 2186 angulum.
1318 2139 1433 2175 quta
1470 2149 1555 2173 eum
1596 2137 1637 2171 in
1681 2138 1912 2176 anteriorem

172 2206 302 2253 organi
337 2205 438 2240 illius
468 2206 677 2251 marginem
705 2204 967 2239 tenuissimum
1002 2211 1040 2239 et
1075 2206 1341 2243 brevissimum
1383 2205 1501 2239 intrat
1538 2213 1605 2239 Vas
1646 2203 1911 2249 sanguiferum,

173 2273 273 2320 quod
306 2271 436 2320 procul
468 2269 582 2304 dubio
611 2271 832 2317 sanguinem
860 2283 880 2305 e
910 2271 1062 2306 cerebro
1099 2279 1137 2307 et
1164 2273 1298 2318 capitis
1326 2270 1432 2306 cirris
1458 2268 1616 2305 revehit.
1670 2267 1778 2302 Alter
1803 2269 1909 2316 isque

173 2340 292 2373 multo
319 2338 482 2384 amplior
504 2347 629 2371 ramus
657 2338 765 2384 (Tab.
791 2337 837 2371 II.
863 2337 943 2383 Fig.
972 2340 1005 2379 6,
1035 2351 1065 2382 c,
1095 2351 1131 2381 c3
1155 2338 1235 2383 Fig.
1260 2343 1292 2382 S,
1321 2351 1358 2379 u,
1387 2334 1439 2381 η.)
1468 2347 1487 2369 e
1514 2345 1605 2371 vase
1634 2333 1773 2369 dorsali
1789 2347 1909 2384 prope

175 2404 371 2439 cerebrum
398 2404 438 2438 in
464 2403 597 2449 capitis
624 2409 732 2449 parte
759 2404 888 2438 lnedia
913 2404 1102 2451 procedit,
1131 2405 1311 2450 brevique
1340 2402 1497 2437 decursu
1531 2402 1571 2435 in
1598 2400 1692 2436 duos
1717 2402 1847 2437 variae
1875 2409 1912 2437 et

176 2468 420 2515 longitudinis
448 2475 486 2505 et
511 2469 770 2517 amplitudinis
798 2470 959 2506 discedit
984 2472 1161 2516 ramulos,
1190 2481 1347 2519 quorum
1374 2469 1468 2507 alter
1496 2467 1591 2517 (Fig.
1607 2470 1640 2511 8,
1653 2468 1701 2512 α.)
1723 2469 1912 2506 anteriora

1684 2537 1705 2568 7
