2150 2904
1032 656 1077 692 11.

477 748 550 790 De
588 724 824 791 Nereide
863 749 975 791 sive
1022 748 1278 804 Lycoride
1311 747 1654 804 puls-acaria.

348 899 380 948 ξ.
410 903 441 935 1.
469 874 668 937 Nereidis
695 900 841 946 specie,
877 900 981 936 cuius
1015 901 1198 937 fabricam
1224 899 1295 934 hoc
1320 898 1362 933 in
1387 897 1518 933 libello
1551 896 1805 943 descripturus
1840 907 1934 940 sum,

181 972 262 1001 tum
309 973 441 1013 portus
491 967 750 1014 symbolorum
801 966 1057 1017 (Balaklawa)
1100 973 1180 1002 tum
1220 977 1339 1014 prope
1384 977 1470 1001 eum
1511 965 1594 1012 ipse
1630 963 1772 999 Pontus
1791 983 1793 987 ν
1812 962 1933 1002 Euxi-

179 1042 250 1068 nus
279 1034 458 1070 abundat.
1075 1047 1078 1050 ’
1307 1044 1308 1047 ’
1337 1047 1381 1088 ὼ
1703 1039 1704 1043 ’

347 1100 648 1135 Adnumeranda
681 1109 738 1135 est
764 1104 812 1135 iis
840 1103 988 1144 generis
1014 1102 1190 1135 Nereidis
1217 1101 1437 1146 speciebus,
1465 1100 1506 1132 in
1532 1098 1666 1143 quibus
1695 1102 1734 1130 et
1764 1096 1936 1142 superior

166 1171 219 1199 -et
252 1165 411 1200 inferior
450 1165 714 1198 branchiarum
755 1175 883 1209 margo
917 1167 1069 1199 nonnisi
1109 1166 1273 1210 simplici
1309 1166 1404 1199 cirro
1430 1153 1495 1199 ¹est
1528 1163 1744 1209 praeditus,
1776 1161 1938 1196 foliacea

178 1237 308 1265 autem
331 1230 584 1277 appendicula
610 1242 763 1277 prorsus
794 1237 907 1266 caret.
959 1229 1130 1265 Interdiu
1165 1231 1232 1266 sub
1269 1229 1461 1276 lapidibus
1489 1233 1554 1264 aut
1581 1229 1622 1262 in
1647 1226 1680 1261 F
1685 1237 1752 1261 uco
1787 1227 1937 1263 marino

178 1298 298 1333 latere
335 1298 452 1340 solet,
488 1308 651 1343 vespere
689 1303 815 1332 autem
849 1297 1014 1331 latebras
1041 1297 1223 1343 relinquit
1259 1295 1552 1331 etvhirudinumr
1576 1294 1794 1329 natantium>
1820 1292 1935 1328 modo

179 1375 220 1399 se
247 1364 402 1398 flectens
426 1363 466 1397 in
490 1364 585 1397 mari
614 1364 920 1409 circumvagatur.
974 1363 1016 1398 Si
1042 1364 1215 1398 maxime
1244 1374 1283 1398 se
1312 1361 1520 1403 extendit,
1545 1361 1661 1408 duplo
1697 1356 1736 1393 'et
1772 1354 1935 1404 amplius

179 1430 326 1475 longior
351 1429 490 1465 evadit.
543 1429 587 1464 In
613 1430 864 1465 contractiore
892 1436 993 1465 statu
1019 1418 1224 1465 adultiores
1245 1440 1433 1464 summum
1461 1428 1574 1477 trium
1609 1426 1789 1474 pollicum
1817 1425 1936 1471 longi·

178 1496 350 1531 tudinem
379 1503 417 1532 et
444 1498 557 1532 trium
586 1498 772 1532 linearum
797 1497 1040 1530 latitudinem
1067 1496 1219 1530 habent.

346 1562 377 1609 ξ.
405 1567 438 1598 2.
465 1562 614 1597 vermis
649 1568 800 1605 noster,
838 1563 912 1596 nisi
940 1563 1137 1597 mutilatus
1164 1562 1232 1603 sit,
1267 1562 1307 1596 in
1341 1572 1478 1607 genere
1511 1565 1665 1607 praeter
1699 1564 1813 1604 caput
1839 1570 1859 1592 e
1888 1560 1935 1594 94

177 1642 295 1677 usque
322 1630 371 1664 ad
400 1632 446 1664 96
471 1635 616 1663 constat
638 1629 798 1671 annulis,
826 1640 981 1675 quorum
1010 1628 1104 1662 alius
1132 1627 1247 1661 alium
1275 1626 1452 1672 sequitur.
1482 1625 1674 1659 Nonnulla
1701 1630 1825 1658 autem
1851 1624 1935 1660 vidi

178 1697 376 1743 exempla,
405 1707 521 1742 quae,
546 1695 615 1730 etsi
639 1696 787 1741 integra
809 1699 935 1737 erant,
973 1695 1088 1741 paulo
1121 1694 1309 1729 minorem
1346 1698 1476 1726 tamen
1514 1690 1751 1725 exhibebant
1777 1689 1934 1725 annulo-

177 1775 261 1799 rum
282 1774 492 1797 numerum.

345 1828 471 1875 Ipsum
510 1841 654 1877 quoque
692 1834 803 1876 caput
834 1839 1012 1874 magnam
1041 1833 1190 1875 partem
1224 1827 1404 1863 annulum
1445 1824 1656 1868 constituit,
1702 1823 1766 1871 qui
1803 1830 1934 1860 tamen

179 1896 354 1943 sequenti
387 1897 506 1930 multo
538 1903 596 1932 est
617 1899 740 1931 maior
775 1903 813 1931 et
846 1897 1009 1931 torosior
1036 1895 1145 1941 (Tab.
1172 1894 1216 1929 II.
1243 1894 1324 1941 Fig.
1355 1897 1387 1937 1,
1413 1906 1451 1939 g,
1478 1892 1559 1939 Fig.
1588 1896 1623 1934 3,
1651 1892 1686 1935 d,
1714 1889 1795 1937 Fig.
1825 1895 1858 1934 7,
1882 1890 1933 1936 a).

178 1962 239 1997 Ad
265 1963 388 1997 latera
423 1963 502 1998 eius
529 1963 602 1998 duo
628 1964 874 1999 inveniuntur
903 1974 1126 2010 organorum
1154 1964 1281 2010 paria,
1320 1973 1414 2009 quae
1449 1958 1611 1995 totidem
1639 1968 1778 2003 organa
1812 1963 1932 1993 tactus

178 2028 378 2070 videntur,
418 2041 650 2077 quorumque
688 2030 848 2077 quodvis
884 2043 904 2065 e
940 2031 1086 2066 duobus
1114 2035 1263 2064 constat
1298 2027 1549 2075 longioribuS‚
1578 2024 1764 2071 angustis,
1801 2024 1931 2066 acutis,

182 2096 452 2142 complanatis,
488 2098 788 2132 membranaceis
816 2103 854 2132 et
887 2097 1051 2132 flaccidis
1079 2098 1205 2141 cirris,
1242 2097 1305 2145 qui
1334 2096 1401 2131 ubi
1433 2105 1516 2130 cum
1552 2092 1675 2139 capite
1716 2089 1930 2135 cohaerent,
1983 2123 1991 2128 ,

181 2163 281 2196 inter
308 2173 348 2196 se
376 2164 566 2199 coniuncti
594 2171 632 2200 et
657 2166 711 2200 ita
736 2165 932 2200 tumefacti
959 2171 1063 2208 sunt,
1085 2170 1127 2199 ut
1152 2175 1313 2211 parvum
1341 2169 1379 2198 et
1422 2159 1760 2207 complanatiorem
1794 2158 1931 2192 consti-

182 2233 290 2263 tuant
323 2229 505 2266 nodulum
540 2232 640 2279 [Fig.
665 2238 698 2276 1,
726 2245 757 2274 c,
789 2232 825 2276 d,
854 2233 942 2278 e‚f.
974 2231 1055 2277 Fig.
1081 2234 1116 2273 2,
1146 2244 1177 2274 c,
1207 2232 1240 2265 d.
1275 2231 1356 2275 Fig.
1386 2232 1407 2263 3
1432 2233 1471 2262 et
1499 2231 1533 2269 7,
1556 2239 1575 2261 c
1601 2230 1640 2260 et
1666 2223 1720 2269 d].
1773 2223 1932 2271 Reliqua

181 2302 307 2331 autem
332 2299 465 2344 capitis
491 2310 592 2346 pars,
618 2306 751 2347 utpote
775 2309 869 2346 quae
894 2309 976 2333 cum
1004 2299 1198 2344 superiore
1228 2296 1358 2331 annuli
1383 2295 1485 2329 illius
1512 2298 1619 2340 parte
1647 2296 1705 2326 est
1719 2290 1930 2334 coniuncta,

180 2362 306 2398 brevis
327 2366 436 2400 cunei
462 2364 578 2400 habet
604 2367 782 2413 speciem,
810 2364 900 2400 inde
930 2365 976 2399 ab
1005 2376 1051 2399 ea
1077 2364 1269 2399 anteriora
1292 2373 1426 2399 versus
1450 2360 1569 2405 magis
1587 2358 1780 2404 magisque
1809 2357 1928 2393 demi-

181 2430 317 2473 unitur,
345 2439 383 2467 et
407 2433 589 2480 perparvi
626 2432 772 2468 cerebri
799 2431 947 2467 thecam
981 2431 1182 2466 constituit.
1236 2429 1343 2477 (Tab.
1371 2427 1416 2463 11.
1442 2427 1524 2474 Fig.
1553 2426 1611 2470 7.).
1662 2423 1706 2458 In
1733 2426 1928 2471 superiore

182 2496 262 2531 eius
290 2496 387 2532 faeie
415 2505 574 2546 quatuor
601 2500 853 2537 observantur
877 2498 975 2534 oculi
1001 2497 1042 2533 in
1069 2497 1365 2545 quadrangulum
1394 2490 1581 2543 dispositi,
1605 2491 1735 2540 procul
1762 2491 1861 2526 inter
1887 2500 1927 2524 se

1696 2558 1721 2589 4
