2150 2904
1047 266 1092 300 21

195 378 308 421 atque
343 371 377 407 si
409 381 540 406 eorum
574 367 770 416 longitudo
804 380 887 405 cum
928 372 1050 406 trunci
1092 371 1294 408 latitudine
1330 378 1591 420 comparatur,
1623 371 1745 407 multo
1780 376 1943 411 maiores

193 439 395 482 videntur,
428 447 540 483 quam
573 437 614 472 in
640 437 800 484 Bopyris
828 437 977 473 adultis.
1028 438 1159 485 Itaque
1185 438 1326 486 pedum
1356 439 1498 474 fabrica
1525 439 1642 474 etiam
1668 440 1709 474 in
1733 439 1943 477 iunioribus

195 506 348 541 feminis
373 505 429 540 ita
456 514 495 538 se
518 504 644 546 habet,
671 510 712 539 ut
739 505 966 540 animalcula
988 505 1065 547 illa,
1093 506 1126 540 si
1153 505 1394 541 Palaemonis
1421 517 1556 543 cavum
1583 506 1801 541 branchiale
1828 507 1945 543 intra-

193 578 343 615 verant,
371 583 501 606 eorum
529 582 601 617 ope
632 571 672 606 in
699 583 793 607 cavo
820 571 886 606 illo
913 572 1037 607 locum
1064 572 1136 607 sibi
1162 581 1294 619 aptum
1325 574 1463 620 eligere
1491 579 1601 621 atque
1629 574 1671 608 in
1703 574 1770 608 illo
1805 574 1944 609 adhae-

193 649 278 674 rere
304 639 462 685 possint.
516 637 659 672 seriori
686 645 858 685 tempore
878 645 1019 683 autem,
1049 651 1162 686 quum
1189 639 1334 675 femina
1360 642 1437 676 iam
1465 641 1595 675 adulta
1623 645 1690 682 est,
1719 641 1799 675 eius
1826 640 1944 687 pedes

194 705 312 740 'talem
337 705 479 741 habent
505 705 700 748 fabricam,
727 706 843 740 situm
871 712 910 741 et
933 707 1172 750 relationem,
1199 714 1241 742 ut
1269 719 1399 743 eorum
1429 719 1500 754 ope
1528 717 1713 753 nusquam
1737 706 1943 741 adhaerere

192 772 325 818 possit.
350 770 457 807 Nunc
483 784 575 808 vero
603 773 644 806 in
670 783 763 808 cavo
790 773 856 808 illo
883 773 1050 821 undique
1079 775 1287 809 arctissime
1316 780 1374 809 est
1400 775 1592 817 conclusa,
1620 781 1733 821 atque
1761 773 1943 819 angustis-

195 839 301 873 simis
329 838 512 874 domicilii
541 840 647 873 ostiis
673 839 894 886 impeditur,
923 843 1122 888 quominus
1156 852 1208 876 ex
1236 853 1282 876 eo
1311 841 1410 876 elabi
1437 841 1567 888 possit.

357 905 500 953 Bopyri
525 907 632 954 pulli,
661 919 773 954 quum
802 915 923 943 matre
950 910 1084 944 relicta
1106 909 1338 943 nutrimenta
1367 919 1547 954 quaerere
1575 913 1777 951 conantur,
1812 907 1944 942 Palae-

192 982 347 1007 monem
373 973 447 1008 nisi
473 975 640 1010 natando
668 981 801 1023 petere
828 988 906 1011 non
932 982 1108 1023 possunt,
1140 987 1253 1023 quam
1278 975 1325 1009 ad
1353 976 1486 1018 finem,
1517 980 1670 1012 ut,mea
1702 975 1776 1009 fert
1801 975 1943 1021 opinio,

192 1037 382 1074 branchiis
415 1041 533 1075 multo
566 1042 684 1087 magis
693 1068 703 1085 ,
748 1053 860 1088 quam
894 1043 1055 1090 pedibus
1091 1049 1255 1078 utuntim
1313 1042 1454 1077 Eorum
1492 1043 1697 1077 branchiae
1731 1042 1833 1076 enim
1868 1051 1945 1075 non

192 1105 314 1140 solum
340 1107 458 1140 talem
484 1106 627 1140 habent
654 1109 857 1149 fabricam,
882 1110 1001 1152 qualis
1030 1110 1079 1141 ad
1106 1109 1344 1142 nat-ationem
1382 1108 1641 1142 exercendam
1668 1108 1787 1142 multo
1822 1107 1946 1153 aptior

190 1170 363 1213 videtur,
401 1181 511 1216 quam
550 1170 689 1215 pedum
726 1171 888 1213 fabrica,
925 1183 1058 1205 verum
1086 1173 1202 1206 etiam
1237 1179 1317 1207 tum
1357 1173 1593 1216 longitudine
1627 1179 1707 1206 tum
1742 1172 1944 1206 latitudine

192 1235 310 1283 pedes
351 1237 470 1271 multo
509 1236 749 1270 antecellunt.
811 1236 895 1272 Huc
937 1237 1098 1281 accedit,
1136 1237 1236 1285 quod
1277 1238 1466 1285 pullorum
1507 1236 1626 1272 cauda
1664 1238 1944 1285 propemodum

194 1303 357 1337 eandem
384 1302 498 1337 habet
524 1302 811 1348 longitudinem,
842 1316 953 1351 quam
981 1315 1111 1339 eorum
1138 1309 1300 1347 truncuS,
1326 1304 1529 1339 branchiae
1558 1315 1650 1340 vero
1678 1306 1814 1340 sicum
1830 1305 1944 1340 totius

195 1370 362 1416 corporis
391 1370 556 1413 ambitu,
589 1370 677 1417 quin
706 1372 821 1405 etiam
858 1372 890 1405 si
915 1370 1031 1405 modo
1059 1383 1142 1406 cum
1171 1372 1312 1407 caudae
1342 1372 1486 1406 ambitu
1514 1378 1797 1418 comparantur,
1825 1372 1945 1406 multo

193 1436 349 1471 maioris
377 1443 463 1471 sunt
488 1436 754 1482 longitudinis,
783 1447 897 1483 quam
926 1437 1062 1474 eadem
1091 1439 1360 1485 exemplorum
1394 1438 1608 1474 adultorum
1644 1450 1793 1485 organa.
1860 1438 1947 1474 Non

192 1514 346 1551 possum
374 1504 499 1550 igitur,
529 1504 618 1550 quin
644 1509 786 1549 putem,
815 1504 1105 1538 tenerrimorum
1121 1504 1360 1550 Bopyrorum
1389 1505 1585 1555 branchias
1614 1505 1662 1539 ad
1683 1505 1797 1539 aliam
1816 1505 1946 1545 etiam,

195 1581 307 1616 quam
335 1570 384 1604 ad
410 1570 673 1616 respirationis
701 1570 937 1605 functionem
966 1570 1244 1612 exercendam,
1273 1570 1483 1606 destinatas
1512 1582 1615 1613 esse,
1644 1581 1804 1615 easque,
1832 1580 1946 1615 quum

194 1636 455 1682 respirationis
478 1647 590 1670 causa
615 1643 819 1673 moventur
844 1646 999 1670 necesse
1028 1637 1089 1679 sit,
1114 1636 1185 1671 hoc
1212 1638 1295 1683 ipso
1322 1642 1428 1671 motu
1456 1636 1642 1670 natationi
1668 1636 1725 1669 ita
1751 1635 1945 1680 prodesse,

193 1708 235 1736 ut
263 1701 312 1736 ad
337 1713 420 1737 eam
448 1701 549 1737 haud
576 1704 733 1738 minoris
762 1703 838 1738 sint
863 1702 1060 1745 momenti,
1089 1713 1200 1749 qnam
1230 1713 1276 1737 ea
1304 1702 1512 1749 Cyclopum
1538 1703 1774 1749 aliorumque
1796 1699 1946 1736 Crusta-

196 1780 347 1803 ceorum
378 1779 527 1815 organa,
552 1781 646 1816 quae
675 1775 713 1804 et
737 1769 999 1803 branchiarum
1029 1775 1069 1804 et
1094 1769 1236 1816 pedum
1262 1771 1481 1805 muneribus
1508 1770 1718 1815 fungantur.

360 1835 533 1882 Bopyrus
568 1836 713 1872 femina
748 1847 826 1870 non
860 1835 934 1870 nisi
968 1842 1101 1871 tenera
1133 1841 1259 1870 aetate
1294 1836 1535 1871 Palaemonis
1563 1847 1697 1872 cavum
1730 1836 1945 1872 branchiale

193 1902 340 1948 ingredi
367 1908 512 1948 potest:
541 1910 667 1939 aetate
694 1903 933 1951 provectiore
968 1904 1069 1939 enim
1104 1915 1244 1949 organa
1275 1904 1560 1946 locomotionis,
1597 1903 1728 1949 quibus
1763 1903 1947 1937 instructa

196 1975 265 2010 est,
291 1969 346 2002 ita
374 1979 414 2003 se
442 1969 594 2013 habent,
619 1976 661 2004 ut
688 1980 815 2005 eorum
846 1982 917 2017 ope
944 1981 1068 2017 neque
1095 1969 1284 2012 incedere,
1311 1982 1433 2017 neque
1461 1976 1594 2005 natare
1621 1970 1752 2016 possit,
1781 1980 1865 2003 eam
1895 1968 1945 2013 ob·

193 2045 344 2070 causam
371 2047 463 2071 vero
492 2043 529 2070 et
555 2042 770 2082 propterea,
798 2037 898 2083 quod
926 2038 1042 2072 oculis
1068 2038 1181 2084 plane
1202 2038 1354 2083 privata
1376 2044 1444 2079 est,
1466 2037 1749 2079 Palaemonem,
1778 2036 1947 2070 omnium
1970 2051 1974 2055 ·

194 2099 276 2136 sere
304 2107 577 2137 crustaceorum
613 2103 852 2139 celerrimum
886 2109 923 2138 et
957 2104 1296 2150 inquietissimum,
1336 2116 1518 2152 quaerere
1546 2109 1724 2149 nequeat:
1759 2103 1791 2137 si
1817 2107 1945 2137 autem

196 2168 361 2215 aliquem
389 2169 659 2204 Palaemonem
686 2170 913 2214 invenisset,
940 2171 1059 2217 ipsius
1092 2173 1311 2219 magnitudo
1340 2171 1615 2218 impedimento
1645 2175 1762 2211 esset,
1798 2169 1942 2215 quomi-

194 2245 265 2269 nus
293 2234 372 2269 eius
399 2246 532 2269 cavum
560 2236 788 2279 branchiale,
818 2238 955 2283 quippe
987 2238 1087 2284 quod
1117 2239 1421 2284 angustissimum
1448 2238 1586 2271 habeat
1614 2236 1770 2276 ostium,
1802 2235 1944 2271 intrare

194 2307 336 2346 posset.
373 2301 482 2336 Idem
511 2313 562 2336 ex
588 2303 656 2337 hac
684 2316 831 2351 quoque
860 2314 971 2338 causa
997 2305 1151 2350 probari
1177 2311 1324 2350 potest,
1352 2303 1452 2351 quod
1478 2303 1606 2337 omnia
1633 2301 1822 2337 adultiora
1847 2311 1943 2347 quae

194 2367 278 2402 vidi
305 2369 506 2415 exempla,
541 2369 581 2404 in
607 2370 846 2405 Palaemonis
882 2382 974 2406 cavo
1012 2371 1220 2406 branchiali
1249 2371 1300 2405 ita
1329 2376 1436 2405 erant
1462 2369 1552 2411 sita,
1586 2376 1628 2404 ut
1666 2379 1795 2403 eorum
1824 2367 1942 2402 cauda

196 2435 297 2469 illius
327 2436 502 2471 animalis
531 2437 645 2483 capiti
673 2437 835 2473 adversa
861 2444 972 2480 esset,
1001 2449 1130 2473 eorum
1158 2444 1269 2484 caput
1297 2448 1388 2473 vero
1418 2436 1465 2471 ad
1492 2436 1678 2483 posterius
1705 2435 1806 2469 illins
1842 2433 1941 2468 cavi-

198 2501 285 2536 tatis
314 2502 450 2537 ostium
476 2510 666 2550 spectaret
692 2508 803 2551 atque
828 2504 930 2540 haud
964 2505 1092 2552 procul
1128 2505 1174 2539 ab
1212 2515 1256 2539 eo
1287 2502 1453 2539 distaret.
1513 2504 1666 2539 Etenim
1696 2502 1839 2538 cavitas
1874 2499 1940 2533 ilia
