2150 2904
1040 245 1085 278 41

349 349 382 385 Ε
405 350 559 396 regione
587 349 785 385 cuiuslibet
818 349 1033 385 ovariorum
1061 349 1164 396 paris
1191 347 1265 383 (luo
1294 349 1360 384 alii
1394 349 1643 386 observantur
1667 350 1832 393 utriculi,
1875 351 1937 398 qui

186 417 235 453 ad
270 417 473 460 fabricam,
509 417 671 451 formam
700 422 738 451 et
765 417 930 451 colorem
976 428 1058 451 cum
1089 416 1163 450 illis
1200 416 1355 450 omnino
1390 418 1641 458 conveniunt,
1674 416 1933 462 magnitudine

185 488 312 518 autem
339 484 386 517 iis
416 483 614 518 inferiores
642 493 724 517 esse
754 482 888 517 solent.
915 482 1024 528 (Tab.
1051 482 1095 517 II.
1123 483 1204 528 Fig.
1234 485 1291 524 12,
1319 481 1394 528 m).
1426 482 1565 518 Itidem
1594 481 1643 517 ad
1670 481 1933 516 branchiarum

184 555 335 584 truncos
362 551 564 597 pertinent,
593 556 705 596 atque
732 561 814 584 cum
844 550 1011 596 corporis
1037 548 1231 596 superiore
1255 549 1402 595 pariete
1430 555 1530 583 arcte
1564 554 1650 582 sunt
1678 548 1934 593 conglutinati.

183 613 257 650 Per
291 622 415 651 cutem
447 618 486 652 in
520 617 638 652 variis
668 617 859 663 exemplis
899 617 1017 662 magis
1064 616 1238 651 minusve
1277 616 1528 657 translucent,
1576 619 1688 661 prout
1727 612 1932 648 secundum

183 683 327 718 vermis
360 690 524 719 aetatem
559 685 722 730 annique
758 689 933 729 tempora
974 684 1093 729 magis
1126 682 1301 717 minusve
1338 682 1492 716 exculta
1520 687 1616 716 suut.
1668 679 1862 714 Maximos
1894 680 1935 714 in

186 750 376 796 exemplis
403 751 569 796 gravidis
594 750 738 785 inveni.
767 749 914 784 Ostium
944 759 1016 795 quo
1044 748 1208 794 praediti
1233 754 1331 790 sunt,
1361 748 1461 795 quod
1488 760 1581 784 vcro
1610 747 1801 782 rarissime
1817 746 1934 780 oculis

186 814 348 851 discerni
375 823 512 863 potest,
540 817 718 852 deorsum
749 817 805 861 [in
833 816 1002 862 corporis
1034 815 1255 860 cavitatem]
1285 821 1442 861 spectat.

352 884 502 929 Organa
528 883 642 918 modo
671 882 862 931 ‹bscripta
887 882 1061 917 maxima
1088 895 1177 918 cura
1208 884 1347 917 iterum
1376 886 1489 928 atque
1517 881 1654 916 iterum
1682 885 1935 927 perscrutatus

185 958 282 991 sum,
308 960 501 996 nunquam
524 961 614 985 vero
640 949 682 983 in
705 948 753 983 iis
781 949 926 995 aliquid
951 949 1096 991 inveni,
1125 948 1225 995 quod
1251 949 1332 983 iure
1354 959 1424 994 pro
1446 948 1559 983 ovulo
1578 948 1719 983 habere
1734 947 1935 994 potuerim.

185 1013 387 1063 Nunquam
416 1016 517 1051 enim
545 1016 638 1051 mihi
664 1015 833 1060 contigit,
868 1020 909 1049 ut
941 1021 999 1050 sat
1024 1015 1222 1062 perspicue
1247 1025 1498 1061 perparvam,
1536 1025 1645 1061 quam
1670 1013 1763 1048 mihi
1798 1022 1937 1058 organa

186 1083 254 1117 illa
285 1084 326 1116 in
349 1084 469 1118 variis
506 1084 695 1128 exemplis
720 1081 932 1115 offerebant
958 1088 1023 1115 aut
1053 1082 1243 1116 dilutioris
1276 1087 1340 1115 aut
1375 1081 1564 1125 spissioris
1600 1079 1736 1125 liquidi
1776 1079 1939 1124 copiam,

175 1149 342 1194 -proprio
370 1149 589 1184 velamento
615 1148 799 1181 inclusam
826 1145 1012 1180 viderem.
1042 1144 1146 1187 Quae
1176 1158 1288 1192 quum
1312 1146 1367 1180 ita
1393 1146 1480 1187 sint,
1509 1152 1622 1192 atque
1650 1156 1761 1191 quum
1790 1147 1940 1189 praeter

187 1225 327 1260 organa
361 1214 429 1249 illa
464 1219 503 1247 et
536 1213 668 1249 ovaria
702 1221 816 1257 supra
848 1211 926 1245 iam
953 1211 1144 1257 descripta
1174 1211 1278 1245 nulla
1306 1211 1382 1244 alia
1409 1210 1748 1245 animadverterim
1784 1218 1940 1253 genera-

184 1281 299 1316 tionis
327 1290 483 1326 organa,
510 1290 588 1313 11011
613 1289 787 1324 possum,
825 1278 913 1324 quin
941 1278 1127 1323 suspicer,
1163 1287 1302 1321 organa
1335 1277 1402 1311 1113
1432 1276 1645 1311 functiones
1678 1274 1938 1309 testiculorum

187 1358 318 1392 agere,
353 1358 485 1381 semen
510 1356 603 1381 vero
631 1345 678 1379 ab
707 1344 754 1379 iis
782 1350 956 1392 paratum
983 1343 1024 1377 in
1051 1344 1217 1389 corporis
1245 1342 1451 1379 cavitatem
1479 1342 1665 1388 profluere
1690 1341 1817 1388 ibique
1854 1349 1938 1373 cum

187 1414 310 1449 ovulis
339 1413 594 1447 commiscere.

355 1479 505 1524 Organa
531 1478 786 1524 generationis
814 1483 893 1512 tum
916 1477 1109 1522 superiora
1126 1482 1204 1510 tum
1224 1476 1407 1511 inferiora
1426 1477 1467 1511 in
1486 1475 1660 1510 omnibus
1677 1472 1938 1513 adultioribus,

185 1558 278 1594 quas
306 1546 480 1586 dissecui‚
501 1543 709 1578 Nereidum
737 1543 870 1579 inveni
899 1543 1099 1588 exemplis.
1135 1543 1291 1577 Praeter
1319 1555 1365 1578 ea
1392 1550 1521 1578 autem
1548 1541 1652 1574 nulla
1680 1540 1755 1573 alia
1781 1538 1940 1574 investi-

185 1613 273 1658 gavi
295 1622 446 1657 organa,
474 1622 568 1656 quae
586 1610 635 1644 ad
650 1609 904 1653 generationis
921 1609 1115 1653 negotium
1135 1609 1392 1643 exercendum
1414 1608 1502 1656 quid
1519 1606 1756 1641 contribuere
1771 1608 1938 1650 possent.

353 1675 384 1722 ξ.
409 1679 442 1711 9.
471 1674 700 1720 Systematis
726 1676 880 1711 nervosi
906 1676 1107 1722 potissima
1133 1686 1220 1721 pars
1250 1685 1271 1708 a
1301 1674 1469 1708 medulla
1494 1672 1659 1708 ventrali
1683 1672 1745 1706 vel
1773 1670 1937 1715 ganglio-

185 1755 267 1779 rum
297 1755 391 1789 quae
420 1742 556 1776 dicitur
583 1747 718 1774 catena
746 1742 996 1776 constituitur.
1023 1740 1131 1787 (Tab.
1147 1739 1192 1773 II.
1213 1740 1294 1785 Fig.
1317 1743 1351 1782 2,
1376 1754 1413 1786 g.
1440 1738 1521 1785 Fig.
1539 1741 1595 1780 12,
1616 1750 1647 1772 o.
1673 1736 1754 1782 Fig.
1772 1739 1829 1778 13,
1847 1731 1936 1779 bb.)

189 1810 271 1845 Sita
296 1815 353 1843 est
379 1809 478 1843 inter
504 1807 635 1841 ambos
660 1807 817 1853 parietis
844 1807 1028 1843 ventralis
1052 1808 1242 1842 musculos
1266 1805 1577 1852 longitudiuales,
1605 1804 1708 1838 telae
1734 1801 1935 1837 cellulosae

189 1887 262 1924 ope
289 1877 380 1911 laxe
409 1886 492 1910 cum
517 1874 663 1921 pariete
690 1873 755 1908 illo
781 1874 975 1917 cohaeret,
1001 1885 1071 1920 per
1099 1885 1184 1908 eum
1211 1874 1253 1909 in
1280 1874 1398 1909 variis
1425 1870 1601 1907 Nereidis
1633 1868 1824 1915 exemplis
1850 1868 1935 1913 plus

188 1942 362 1978 minusve
390 1942 607 1982 translucet,
634 1945 744 1985 atque
773 1941 813 1974 in
841 1941 920 1976 eius
946 1941 1048 1975 linea
1070 1940 1249 1975 mediana
1277 1951 1300 1975 a
1322 1939 1445 1986 capite
1472 1948 1588 1984 usque
1611 1934 1659 1970 ad
1682 1934 1934 1982 posteriorem

188 2009 355 2056 corporis
379 2007 665 2043 extremitatem
687 2013 791 2041 recta
817 2008 882 2043 via
905 2007 1080 2041 decurrit.
1135 2005 1216 2049 Quo
1250 2006 1407 2054 propior
1434 2004 1561 2050 capiti,
1591 2015 1635 2038 eo
1662 2002 1832 2043 crassior,
1860 2010 1932 2047 quo

189 2075 344 2122 propior
378 2085 471 2117 ano,
509 2085 554 2108 eo
588 2073 738 2107 tenuior
760 2073 925 2109 inveniri
959 2074 1069 2109 solet.
1119 2072 1337 2109 Admodum
1368 2072 1523 2108 elastica
1551 2076 1588 2105 et
1618 2067 1829 2116 expansilis
1863 2071 1933 2109 est,

190 2148 302 2189 atque
329 2142 452 2187 primo
480 2141 659 2188 adspectu
687 2141 855 2187 simplex
880 2141 999 2175 refert
1025 2141 1141 2183 filum,
1169 2140 1281 2188 quod,
1308 2140 1340 2174 si
1356 2138 1498 2174 vermis
1516 2147 1556 2170 se
1578 2134 1767 2175 extendit,
1793 2132 1932 2178 ubique

189 2209 270 2244 fere
305 2207 476 2242 eiusdem
512 2214 570 2242 est
603 2207 836 2249 teneritatiS,
872 2208 931 2242 sin
965 2214 1092 2242 autem
1119 2209 1184 2243 ille
1218 2219 1258 2242 se
1289 2205 1494 2245 contrahit,
1526 2203 1567 2236 in
1599 2201 1732 2248 quovis
1766 2199 1932 2244 corporis

190 2275 345 2310 articulo
379 2274 435 2308 ita
469 2274 667 2319 turgescit,
702 2281 742 2308 ut
777 2274 899 2308 omnis
933 2273 1101 2308 medulla
1134 2275 1284 2319 longam
1323 2270 1549 2305 nodulorum
1592 2267 1657 2304 vel
1698 2266 1930 2312 gangliorum

189 2341 323 2376 intime
353 2341 636 2375 coniunctorum
670 2339 852 2375 exhibeat
886 2341 1035 2375 seriem.
1086 2339 1317 2385 Diligentius
1343 2348 1436 2373 vero
1472 2336 1505 2369 si
1541 2345 1625 2369 eam
1658 2330 1928 2379 disquisiveris,

188 2407 381 2450 invenies,
414 2417 499 2441 eam
531 2408 779 2453 compositam
812 2418 893 2442 esse
919 2418 939 2441 e
974 2407 1224 2441 neurilemate
1254 2404 1318 2441 vel
1352 2402 1491 2448 vagina
1529 2400 1798 2436 membranosa
1830 2395 1929 2432 haud

188 2472 244 2507 ita
269 2473 396 2515 tenui,
424 2479 536 2520 atque
565 2484 618 2508 ex
639 2474 725 2521 ipsa
752 2473 962 2510 substantia
983 2484 1157 2516 nervosa,
1185 2473 1281 2507 hanc
1302 2477 1430 2507 autem
1457 2480 1540 2505 cum
1557 2467 1715 2502 illatam
1734 2465 1826 2499 laxe
1844 2471 1924 2496 esse

1683 2533 1705 2566 6
