2150 2904
1041 253 1091 285 3'0

199 359 370 407 corporis
397 364 483 394 sunt
511 357 659 400 annuli,
689 368 780 393 nam
821 359 977 405 quaevis
1006 369 1136 393 earum
1168 357 1217 393 ad
1254 357 1364 393 binos
1397 359 1566 405 pertinet
1598 362 1755 397 annulos
1790 366 1829 396 et
1866 371 1948 396 cum

200 428 339 463 iisdem
372 431 431 461 est
457 424 665 460 coniuncta.
697 425 901 461 Inferiores
928 426 1085 461 musculi
1112 424 1406 472 longitudinales
1433 427 1689 473 superioribus
1716 410 1950 474 angustiores

202 493 367 541 quidem,
395 492 516 526 multo
541 493 744 527 crassiores
768 499 897 528 tamen
924 493 1180 529 inveniuntur.
1216 491 1324 538 (Tab.
1349 491 1395 527 ΙΙ.
1423 492 1503 539 Fig.
1534 495 1591 536 12,
1621 492 1698 540 ee).
1724 493 1830 528 Duos
1865 505 1952 529 con-

201 561 360 594 stituunt
384 559 513 602 suneS‚
546 571 704 607 quorum
729 566 890 607 uterque
927 566 1030 595 recta
1056 560 1122 596 via
1145 570 1167 594 a
1191 559 1316 607 primo
1353 570 1470 606 usque
1505 560 1553 595 ad
1580 561 1755 595 ultimum
1788 559 1952 606 corporis

201 626 379 662 annulum
408 625 586 670 decurrit,
612 626 922 673 inscriptionibus
949 626 1141 661 tendineis
1170 626 1325 660 omnino
1354 633 1474 670 caret,
1499 634 1610 674 atque
1639 639 1722 662 cum
1744 626 1848 661 nulla
1878 626 1953 660 alia

199 694 368 740 corporis
404 699 532 740 parte,
564 693 639 728 nisi
668 704 750 727 cum
783 693 918 740 primis
960 693 1212 728 anterioribus
1241 698 1281 727 et
1311 693 1452 728 ultimis
1487 693 1758 741 posterioribus
1793 691 1953 735 annulis,

201 766 259 794 est
281 770 476 794 connexa:
510 760 725 794 maximam
759 766 908 806 partem
945 761 1047 794 enim
1083 759 1183 794 telae
1218 758 1420 794 cellulosac
1456 771 1527 806 ope
1561 760 1651 794 laxe
1688 765 1836 793 tantum
1870 770 1954 794 cum

198 826 391 874 proximis
440 827 611 874 partibus
655 826 841 861 cohaeret.
915 827 1065 873 Reliqui
1111 826 1185 861 duo
1239 826 1399 860 musculi
1437 826 1733 872 longitudinales
1768 824 1878 871 (Tab.
1906 823 1954 860 II.

198 893 280 938 Fig.
309 896 343 936 7,
366 905 403 927 n.
428 893 509 939 Fig.
542 896 600 936 12,
628 891 710 938 dcl)
739 903 830 939 quos
856 893 1033 928 laterales
1064 895 1252 929 musculos
1280 893 1446 940 appello,
1474 894 1587 928 iuxta
1610 893 1825 939 superiores
1854 903 1954 927 mus-

199 961 314 1002 culos,
343 959 477 1006 quibus
504 960 736 1006 angustiores
766 959 933 1006 quidem,
960 962 1075 1007 paulo
1103 961 1304 995 crassiores
1331 966 1461 994 tamen
1478 960 1738 1003 inveniuntur,
1763 966 1851 995 sunt
1877 961 1954 1003 siti,

197 1027 464 1062 branchiarum
500 1027 648 1062 radices
682 1027 1029 1072 transgrediuntur,
1061 1034 1100 1062 et
1135 1027 1280 1062 aditum
1327 1026 1375 1061 ad
1418 1027 1648 1072 singularum
1690 1027 1954 1062 branchiarum

198 1093 382 1128 cavitates
408 1093 549 1138 partim
579 1092 788 1127 occludunt.
815 1092 983 1137 Uterque
1009 1104 1028 1124 e
1047 1093 1209 1125 totidem
1239 1098 1387 1125 constat
1414 1092 1657 1132 sectionibus,
1685 1098 1775 1137 quot
1787 1092 1954 1138 corporis

198 1164 286 1192 suut
312 1158 461 1199 annuli,
490 1159 570 1192 eius
599 1158 757 1203 quaevis
782 1156 982 1203 inscriptio
1010 1155 1193 1190 tendinea
1222 1161 1348 1191 autem
1376 1156 1478 1190 inter
1510 1156 1619 1191 binas
1648 1157 1846 1193 branchias
1873 1167 1957 1192 cum

200 1230 284 1259 cute
314 1230 371 1259 est
397 1223 666 1269 conglutinata.

363 1322 567 1358 Fibrarum
604 1329 903 1358 transversarum
939 1323 1134 1358 maximus
1166 1333 1345 1358 numerus
1384 1323 1425 1357 in
1468 1323 1633 1368 corporis
1676 1323 1849 1358 inferiori
1890 1324 1954 1361 vel

197 1388 363 1425 ventrali
390 1390 537 1435 pariete
566 1389 802 1432 observatur,
829 1390 895 1424 ubi
925 1390 1136 1436 complures
1163 1390 1294 1425 variae
1317 1389 1563 1435 longitudinis
1588 1389 1819 1424 constituunt
1843 1390 1953 1425 fasci-

199 1456 321 1497 culos,
362 1456 426 1501 qui
460 1465 590 1489 omnes
624 1461 754 1490 tamen
786 1456 877 1490 inde
912 1468 934 1490 a
961 1456 1131 1490 medulla
1165 1456 1346 1498 ventrali,
1373 1456 1486 1490 iuxta
1520 1466 1631 1502 quam
1669 1456 1790 1490 altera
1820 1465 1952 1492 eorum

201 1522 429 1556 extremitas
457 1522 530 1556 cuti
558 1526 616 1554 cst
639 1522 808 1567 alligata,
831 1533 900 1569 per
926 1523 1035 1568 paria
1059 1522 1254 1557 exteriora
1275 1533 1408 1557 versus
1435 1521 1612 1565 tendunt,
1648 1528 1761 1567 atque
1791 1522 1953 1568 longitu-

200 1588 348 1623 dinales
371 1588 528 1632 parietis
555 1588 742 1621 ventralis
768 1589 956 1621 musculos
983 1587 1309 1632 transgrediuntur
1335 1598 1472 1631 eosque
1490 1594 1703 1633 contegunt.
1729 1588 1952 1624 Breviorum

198 1653 463 1689 fasciculorum
488 1651 650 1686 totidem
674 1652 783 1697 paria
811 1654 1110 1700 conspiciuntur,
1137 1658 1228 1698 quot
1253 1653 1419 1699 corporis
1447 1658 1533 1686 sunt
1555 1653 1706 1694 annuli,
1740 1664 1828 1687 nam
1852 1655 1953 1690 inter

198 1719 309 1755 binos
348 1718 507 1753 annulos
541 1717 687 1762 singula
723 1729 853 1753 eorum
884 1721 995 1766 paria
1025 1720 1275 1756 inveniuntur
1318 1717 1428 1765 (Tali,
1454 1717 1499 1752 II.
1532 1717 1612 1765 Fig.
1637 1723 1695 1761 12,
1711 1721 1752 1766 f.
1783 1718 1865 1766 Fig.
1894 1720 1951 1766 7);

198 1787 410 1833 longiorum
439 1788 565 1818 autem
587 1782 688 1818 inter
714 1783 805 1818 bina
831 1786 1051 1822 breviorum
1078 1786 1186 1834 paria
1217 1786 1308 1821 bina
1340 1790 1378 1818 et
1404 1785 1576 1831 ipsorum
1607 1787 1715 1833 paria
1742 1794 1951 1822 occurrunt.

201 1852 310 1898 (Tab.
343 1852 388 1887 ΙΙ.
429 1850 510 1896 Fig.
542 1853 574 1885 7.
609 1849 690 1896 Fig.
727 1854 785 1894 12,
809 1851 864 1898 g).
916 1852 1002 1896 Illa,
1044 1853 1190 1898 singula
1226 1851 1381 1897 singulis
1427 1851 1691 1888 branchiarum
1735 1853 1952 1889 interstitiis

203 1919 398 1965 opposita,
437 1918 517 1953 fere
556 1927 673 1964 usque
716 1918 765 1953 ad
801 1918 980 1954 laterales
1015 1920 1204 1955 musculos
1241 1918 1535 1964 longitudinales
1566 1919 1820 1962 adscendunt,
1859 1919 1952 1955 haec

202 1996 295 2021 vero
341 1984 606 2019 branchiarum
639 1990 789 2020 truncos
823 1985 967 2020 intrant
1002 1992 1114 2033 atque
1157 1987 1197 2020 in
1228 1986 1276 2020 iis
1303 1986 1357 2020 ita
1389 1985 1574 2031 disposita
1612 1987 1871 2032 reperiuntur,
1911 1993 1953 2022 ut

203 2052 365 2086 alterum
393 2062 522 2086 eorum
548 2062 618 2098 par
643 2051 693 2086 ad
719 2052 947 2098 singulorum
976 2058 1191 2088 truncorum
1218 2054 1468 2095 anteriorem,
1493 2053 1652 2087 alterum
1682 2063 1776 2087 vero
1801 2052 1850 2088 ad
1876 2053 1953 2089 siu-

199 2119 370 2163 gulorum
398 2122 612 2153 truncorum
639 2119 890 2165 posteriorem
917 2120 1104 2165 parietem
1131 2121 1334 2167 pertineat.
1387 2117 1482 2153 Cum
1515 2117 1781 2154 branchiarum
1808 2121 1950 2155 truncis

204 2184 390 2229 longiores
424 2183 592 2219 fasciculi
625 2197 695 2233 per
727 2191 845 2220 totam
880 2185 1155 2231 longitudinem
1195 2197 1302 2221 suam
1335 2191 1422 2220 sunt
1454 2184 1590 2228 iuncti,
1636 2196 1841 2232 eorumque
1876 2197 1949 2233 ope

202 2246 403 2285 branchiae
429 2250 544 2286 modo
568 2253 750 2297 contrahi,
777 2252 891 2287 niodo
920 2253 1111 2288 anteriora
1138 2259 1202 2288 aut
1226 2253 1438 2300 posteriora
1464 2263 1595 2288 versus
1614 2252 1762 2288 moveri
1777 2260 1948 2299 possunt.

366 2339 571 2377 Praeterea
595 2344 885 2381 innumerabilis
918 2345 1095 2380 fibrarum
1122 2349 1425 2381 transversarum
1458 2353 1638 2379 numerus
1665 2348 1745 2378 tum
1770 2344 1811 2380 in
1838 2355 1948 2392 supe-

202 2405 314 2450 riore,
341 2411 421 2440 tum
448 2408 488 2442 in
513 2409 693 2446 inferiore
720 2413 889 2459 corporis
914 2412 1061 2460 pariete
1088 2412 1188 2447 inter
1213 2411 1401 2446 musculos
1428 2410 1721 2457 longitudinales
1750 2416 1790 2445 et
1822 2417 1946 2448 cutem

205 2473 437 2518 observatur,
460 2485 554 2520 quae
577 2477 728 2522 quidem
752 2480 868 2516 fibrae
894 2491 963 2528 per
989 2486 1110 2515 totam
1138 2476 1412 2524 longitudinem
1446 2487 1553 2513 suam
1587 2488 1670 2513 omn
1697 2482 1781 2513 cute
1810 2477 1943 2514 intime
