2150 2904
1030 255 1074 290 17

175 372 258 397 cum
285 360 466 397 inferiore
494 362 590 397 facie
620 361 816 397 ambarum
841 361 994 397 illarum
1018 361 1293 409 appendicum,
1322 364 1456 411 quihus
1483 364 1620 411 singuli
1644 366 1764 400 trunci
1792 369 1921 404 annuli

172 429 345 463 instructi
384 435 491 472 sunt,
527 429 732 464 cohaerent
766 428 879 475 (Tab.
906 428 934 464 I.
967 428 1049 475 Fig.
1076 429 1126 475 3.)
1161 435 1272 477 atque
1310 441 1461 477 semper
1498 432 1578 467 fere
1615 431 1715 466 infra
1748 439 1919 471 truncum

171 494 385 530 absconditi
417 502 456 531 et
490 495 625 531 eodem
653 494 768 530 modo
797 494 944 530 inflexa
968 502 1073 539 sunt,
1110 502 1152 532 ut
1178 497 1314 532 eadem
1343 497 1586 532 Idothearum
1610 509 1770 544 organa,
1807 512 1920 547 quum

172 566 365 596 crustacea
392 563 460 597 illa
493 561 611 610 quieti
644 561 852 608 indulgent.
915 561 1057 598 Omnes
1088 575 1165 599 non
1199 565 1320 599 solum
1356 576 1472 600 unam
1508 564 1744 612 eandemque
1779 567 1922 604 habent

170 622 346 671 formam,
374 639 509 664 verum
537 629 655 663 etiam
683 629 764 664 fere
793 629 956 665 eandem
984 629 1296 677 magnitudinem.
1334 630 1443 674 Quod
1471 632 1520 666 ad
1546 632 1720 673 sormam,
1746 640 1920 679 respectu

168 694 233 728 vel
259 705 390 730 eorum
416 695 584 741 ipsorum
611 696 858 742 longitudinis
884 696 1027 740 habito,
1054 697 1174 732 multo
1200 699 1393 733 tenuiores
1419 698 1612 741 videntur,
1641 709 1753 746 quam
1782 699 1919 735 eadem

166 758 395 796 feminarmn
430 772 580 808 organa.
615 761 724 810 (Tab.
750 762 813 797 ΠΙ.
840 762 921 809 Fig.
950 763 1008 808 2.).
1036 763 1279 799 Potissimum
1313 777 1406 801 vero
1434 776 1457 800 a
1483 766 1650 800 feminae
1677 764 1841 811 pedibus
1872 777 1917 800 eo

168 824 395 874 discrepant,
424 828 524 875 quod
546 840 677 864 eorum
694 834 815 865 tarsus
831 831 951 866 multo
977 836 1035 866 est
1059 831 1217 877 longior,
1241 831 1414 878 quodque
1441 831 1596 866 ultimus
1623 832 1715 866 tarsi
1741 832 1919 867 articulus

166 902 287 938 parva
313 896 603 944 acutissimaque
629 897 768 943 ungula
796 902 963 932 armatus
992 904 1059 933 est.
1087 896 1197 940 Quod
1213 897 1376 944 denique
1395 897 1442 933 ad
1456 898 1598 944 pedum
1616 896 1918 943 magnitudinem

165 958 321 1003 attinet,
354 971 424 1007 per
465 974 505 998 se
540 963 694 1011 quidem
746 975 878 999 omnes
919 965 1040 1000 multo
1073 965 1262 1000 minorem
1296 965 1438 999 hahent
1472 962 1768 1009 longitudinem,
1807 975 1918 1010 quam

164 1025 324 1062 eaedem
349 1028 579 1065 feminarum
605 1037 746 1078 partes,
773 1032 805 1066 si
832 1036 961 1067 autem
988 1042 1071 1066 cum
1094 1031 1209 1066 totius
1230 1031 1398 1078 corporis
1416 1030 1611 1066 volumine
1638 1036 1918 1077 comparentur,

162 1090 211 1126 iis
237 1094 357 1128 multo
383 1096 550 1129 maiores
583 1098 830 1140 reperiuntur.

330 1156 483 1192 Caudae
521 1160 651 1192 annuli
691 1169 845 1204 prorsus
878 1160 960 1194 fere
997 1159 1220 1195 lateralibus
1256 1168 1387 1196 carent
1430 1163 1715 1208 appendicibus.
1776 1162 1918 1198 Ultimo

162 1228 339 1270 excepto,
367 1223 491 1270 quivis
521 1235 651 1258 eorum
685 1235 761 1259 uno
789 1225 1054 1261 branchiarum
1091 1227 1178 1273 pari
1205 1231 1263 1261 est
1287 1225 1494 1272 praeditus.
1551 1226 1758 1262 Branchiae
1789 1234 1917 1264 autem

161 1301 231 1337 per
264 1290 374 1337 paria
411 1288 600 1336 disposita
627 1290 848 1336 neutiquam
883 1293 1001 1325 secuti
1039 1291 1173 1326 eadem
1212 1291 1441 1327 seminarum
1467 1303 1625 1338 organa,
1660 1293 1791 1339 procul
1828 1305 1850 1328 a
1877 1305 1917 1329 se

162 1355 325 1399 distant,
360 1355 428 1390 sed
464 1355 592 1401 potius
630 1367 741 1402 quam
774 1357 954 1403 proxime
991 1357 1064 1392 sibi
1099 1357 1266 1393 invicem
1293 1357 1441 1402 iacent,
1476 1359 1533 1394 ita
1566 1366 1608 1394 ut
1644 1371 1713 1406 per
1740 1360 1849 1406 paria
1876 1373 1916 1395 se

158 1422 326 1458 invicem
362 1428 538 1469 tangant,
583 1424 674 1469 quin
716 1425 833 1458 etiam
875 1423 917 1458 in
958 1424 1151 1459 nonnullis
1186 1423 1354 1458 maribus
1387 1425 1486 1460 aliae
1521 1437 1650 1460 earum
1685 1427 1786 1461 inter
1824 1427 1917 1462 alias

161 1489 435 1536 aliquantulum
463 1489 712 1523 intercedant.
740 1488 848 1532 (Tab.
876 1489 903 1523 Ι.
930 1489 1010 1534 Fig.
1034 1491 1095 1533 3.).
1121 1489 1235 1524 Haud
1263 1490 1388 1525 minus
1410 1491 1535 1526 forma
1568 1492 1615 1526 ab
1641 1492 1778 1526 iisdem
1805 1492 1917 1526 femi-

160 1566 294 1590 narum
319 1556 488 1602 partibus
516 1555 749 1600 discrepaut;
782 1553 929 1588 tabulas
957 1555 1059 1589 enim
1086 1566 1165 1589 non
1191 1555 1461 1601 triangulares,
1498 1557 1566 1591 sed
1602 1557 1805 1603 quadratas
1834 1557 1915 1591 fere

160 1621 342 1657 referunt.
412 1621 618 1655 Praeterea
658 1630 781 1665 neque
823 1620 934 1661 setis,
977 1630 1100 1666 neque
1146 1620 1350 1655 tuberculis
1389 1621 1609 1666 praeditae,
1651 1621 1718 1656 sed
1760 1623 1915 1658 omnino

161 1690 268 1724 leves
294 1694 393 1725 sunt.

328 1754 457 1791 Etiam
485 1755 610 1790 colore
638 1763 764 1786 mares
791 1753 901 1789 aliter
924 1764 963 1789 se
991 1753 1146 1797 habent,
1171 1761 1282 1801 atque
1303 1754 1482 1789 feminae.
1533 1754 1718 1801 Exceptis
1742 1756 1915 1803 pedibus,

162 1823 382 1866 tentaculis,
416 1822 517 1858 labio
553 1828 591 1856 et
627 1820 807 1857 inferiore
844 1820 977 1866 capitis
1003 1821 1169 1867 pariete,
1205 1822 1310 1856 nulla
1345 1821 1420 1856 alia
1447 1820 1613 1866 corporis
1639 1832 1729 1867 pars
1756 1826 1916 1870 reperiri

161 1894 298 1935 potest,
328 1900 422 1935 quae
451 1888 537 1922 albo
561 1887 685 1921 colore
714 1886 763 1920 sit
788 1886 915 1920 tincta.
942 1885 1095 1930 Venter,
1125 1887 1341 1931 branchiae,
1370 1886 1586 1932 caudaeque
1606 1885 1722 1924 facies
1741 1891 1915 1936 superior

162 1961 297 1990 ornata
331 1960 418 1990 sunt
453 1953 651 2000 perparvis
687 1953 757 1987 rufi
794 1952 1041 2000 (bt-amaroth)
1083 1955 1220 1989 coloris
1251 1954 1409 1989 maculis
1449 1953 1536 1989 albo
1572 1953 1782 1998 impositis,
1818 1966 1912 2001 quae

161 2022 332 2056 maculae
359 2021 398 2056 in
426 2019 616 2056 branchiis
643 2021 761 2055 multo
790 2020 926 2055 maiori
951 2031 1109 2055 numero
1138 2027 1296 2057 exstant
1322 2021 1516 2066 multoque
1544 2026 1631 2054 sunt
1654 2020 1914 2066 confortiores,

164 2098 276 2134 quam
311 2088 351 2122 in
387 2094 522 2123 ventre
559 2091 598 2120 et
635 2085 777 2121 caudae
820 2087 966 2134 pariete
1008 2089 1215 2133 superiore.
1285 2087 1424 2122 Trunci
1467 2086 1643 2122 laterales
1684 2086 1915 2132 appendices

164 2154 476 2201 semipellucidae
502 2153 699 2195 videntur,
734 2159 772 2187 et
808 2155 1105 2188 cinerascentem
1140 2154 1284 2190 habent
1318 2155 1495 2189 colorem.
1549 2151 1711 2197 Tergutn
1746 2152 1913 2200 denique

164 2233 239 2257 una
265 2233 348 2256 cum
375 2220 569 2266 superiore
604 2221 738 2267 capitis
764 2219 911 2267 pariete
947 2221 987 2254 in
1017 2221 1208 2256 nonnullis
1243 2220 1410 2255 maribus
1446 2218 1601 2253 omnino
1636 2224 1701 2252 aut
1725 2217 1914 2254 dilutioris

166 2295 229 2324 aut
256 2287 493 2324 saturatioris
518 2286 587 2320 rufi
615 2292 672 2321 est
696 2287 843 2328 coloris,
868 2286 909 2320 in
935 2286 1018 2321 aliis
1046 2299 1139 2323 vero
1168 2288 1262 2333 tergi
1290 2286 1464 2321 maxima
1490 2295 1578 2331 pars
1606 2284 1758 2330 quidem
1787 2284 1912 2320 rufum

165 2355 282 2391 habet
308 2357 494 2397 colorem,
526 2352 606 2387 eius
640 2352 768 2388 media
800 2364 889 2400 pars
917 2358 1046 2389 tamen
1082 2360 1146 2389 aut
1172 2366 1278 2389 cruce
1307 2359 1371 2387 aut
1398 2353 1477 2385 lata
1512 2350 1614 2384 linea
1650 2350 1915 2396 longitudinali

164 2420 335 2457 ochracei
370 2422 506 2458 coloris
541 2421 652 2466 (quae
686 2420 787 2455 linea
822 2419 863 2455 in
898 2420 981 2454 aliis
1007 2421 1246 2469 '‘interrupta‚
1290 2420 1330 2453 in
1364 2417 1447 2452 aliis
1488 2417 1634 2463 integra
1675 2417 1915 2462 observatur)

163 2495 296 2526 ornata
330 2494 398 2524 est.

1690 2554 1711 2585 3
