2150 2904
1034 261 1080 292 23

184 370 225 403 in
243 365 482 402 Palaemonis
505 375 597 401 cavo
624 365 833 402 branchiali
857 366 950 402 viva
973 365 1228 408 remansisset,
1255 365 1295 399 in
1321 375 1364 398 eo
1391 370 1548 411 propter
1567 365 1707 413 pedum
1726 363 1775 400 ad
1804 377 1935 412 corpus

184 434 426 470 retinendum
453 432 659 468 inhabilem
686 438 872 479 naturam,
897 445 974 469 non
1002 433 1142 468 diutius
1169 432 1374 479 persistere
1402 443 1532 479 posse,
1559 432 1626 468 sed
1646 434 1774 480 potius
1810 443 1861 468 ex
1891 444 1935 467 eo

187 501 400 547 elapsuram
431 511 524 536 esse.

350 583 382 631 ξ.
411 587 467 619 16.
517 582 761 618 Lamiuarum
797 583 966 627 illarum,
1006 595 1099 631 quae
1133 584 1182 620 ad
1226 595 1361 620 cavum
1400 584 1583 619 ‘fotor-ium
1628 583 1934 619 constituendum

184 652 345 688 multum
374 652 582 695 conferunt,
610 663 681 698 par
708 651 882 686 ultimum
911 651 966 686 ita
993 663 1032 686 se
1059 652 1185 695 habet,
1212 657 1253 686 ut
1280 651 1400 685 altera
1430 662 1558 685 earum
1580 650 1737 683 alteram
1758 661 1933 696 magnam

183 718 233 754 ad
267 725 417 766 partem
455 719 705 766 amplectatur
739 717 786 765 (ξ.
814 717 863 765 2.)
903 719 1040 753 ambae
1073 730 1186 761 vcro,
1223 718 1404 764 quamdiu
1429 718 1600 765 Bopyrus
1634 716 1778 750 femina
1810 716 1932 750 locum

183 795 290 819 suum
326 791 471 828 servat,
507 796 640 821 cavum
670 786 765 821 illud
800 798 822 821 a
856 792 964 833 parte
994 797 1128 822 aversa
1155 796 1305 831 semper
1341 796 1451 831 quam
1486 784 1700 819 firmissime
1727 781 1934 817 occludant.

182 849 295 886 Haud
323 852 447 886 minus
477 853 656 887 fotorium
685 852 779 888 illud
807 864 941 889 cavum
969 865 991 887 a
1018 854 1140 888 latere
1170 857 1208 886 et
1232 851 1373 886 dextro
1401 858 1439 886 et
1466 851 1618 885 sinistro
1646 850 1700 884 ita
1717 847 1933 890 occluditur,

182 923 223 951 ut
252 918 369 952 ctiam
398 919 517 953 latera
543 931 676 955 versus
702 931 755 954 ex
784 930 829 954 eo
853 919 992 953 nullius
1020 920 1148 954 exitus
1171 923 1313 965 pateat.
1368 917 1473 960 Quae
1506 928 1617 963 qutun
1644 917 1698 950 ita
1726 915 1801 949 sint
1823 919 1934 960 atque

184 995 296 1030 quum
331 984 553 1020 inferiorem
589 986 672 1023 cavi
706 987 806 1021 illius
848 986 1035 1032 parietem
1070 984 1311 1020 Palaemonis
1347 985 1565 1030 operculum
1603 982 1841 1024 branchiale,
1878 980 1935 1015 cui

181 1050 349 1086 laminae
377 1063 491 1098 supra
518 1059 754 1088 memoratae
784 1053 991 1087 arctissime
1021 1053 1235 1100 applicatae
1263 1057 1361 1093 sunt,
1390 1050 1605 1092 constituat,
1632 1049 1686 1083 nil
1708 1053 1837 1090 restat,
1861 1047 1936 1081 nisi

183 1121 225 1150 ut
247 1117 509 1159 coniiciamus,
546 1129 617 1162 quo
654 1125 826 1161 tempore
862 1118 957 1160 pulli
992 1124 1101 1162 partu
1138 1117 1278 1149 edentii
1314 1116 1405 1154 sint,
1438 1115 1553 1160 primi
1587 1115 1651 1149 vel
1690 1115 1791 1148 illius
1830 1114 1936 1159 paris

182 1181 357 1224 laminas,
386 1181 483 1228 quod
513 1192 595 1215 cum
625 1181 746 1226 capite
775 1181 988 1221 cohaereat,
1015 1192 1168 1214 suorum
1196 1181 1464 1217 musculorum¹
1486 1180 1633 1212 auxilio
1662 1180 1936 1223 aliquantulum

184 1247 277 1292 erigi
306 1253 344 1282 et
370 1248 471 1281 inter
498 1257 537 1280 se
564 1245 734 1289 distrahi,
764 1257 835 1293 quo
864 1245 963 1281 facto
991 1246 1104 1293 pullis
1132 1245 1209 1279 iam
1246 1244 1311 1280 via
1338 1247 1486 1288 pateat,
1526 1255 1599 1290 qua
1626 1249 1786 1279 matrem
1821 1243 1936 1279 relin—

185 1324 300 1360 quere
334 1314 492 1360 possint.

350 1394 382 1443 ξ.
412 1399 469 1432 17.
521 1394 720 1431 Externae
757 1396 994 1441 Bopyrorum
1027 1395 1202 1442 inprimis
1246 1404 1340 1429 vero
1382 1395 1674 1430 masculinorum
1718 1399 1848 1440 partes
1890 1393 1939 1428 ad

186 1462 371 1497 fabricam
398 1463 437 1497 in
464 1474 601 1508 genere
627 1462 681 1496 ita
709 1473 749 1496 se
776 1462 934 1505 habent,
962 1469 1003 1497 ut
1031 1463 1073 1496 cl.
1101 1460 1326 1495 LAMARMUS
1364 1462 1445 1495 iure
1482 1473 1546 1496 eos
1582 1461 1783 1495 crustaceis
1810 1459 1939 1505 Isopo-

185 1527 296 1562 dibus
323 1528 574 1563 adnumerare
599 1527 730 1574 possit.
764 1527 860 1561 Eam
890 1528 937 1563 ob
967 1537 1116 1562 causam
1146 1532 1272 1560 autem
1301 1527 1534 1573 aliquantum
1561 1537 1622 1560 me
1652 1524 1810 1559 offendit
1836 1525 1940 1558 simi-

184 1593 325 1637 litudo,
362 1589 457 1639 qua‘e
489 1595 589 1628 inter
623 1604 687 1627 eos
723 1599 761 1627 et
795 1594 915 1627 multo
948 1593 1106 1626 inferius
1134 1590 1422 1625 Crustaceorum
1451 1603 1583 1636 genus,
1615 1589 1805 1624 Lernaeas
1841 1589 1938 1632 dico,

185 1671 263 1694 non
299 1660 420 1693 solum
456 1659 505 1694 ad
540 1660 646 1695 vitae
680 1669 817 1704 genuS,
852 1670 986 1694 verum
1025 1658 1140 1691 etiam
1175 1656 1222 1690 ad
1258 1657 1471 1702 periodicas
1508 1656 1674 1702 corporis
1709 1655 1939 1689 mutationes

187 1726 422 1761 observatur.
473 1724 606 1771 Itaque
644 1735 723 1758 non
756 1725 900 1759 inutilis
926 1724 1019 1759 mihi
1046 1723 1199 1759 videtur
1229 1733 1364 1768 opera,
1393 1723 1425 1757 si
1451 1722 1520 1757 sub
1546 1723 1661 1756 finem
1696 1720 1805 1755 huius
1839 1731 1939 1755 com-

188 1791 431 1826 mentationis
459 1790 747 1825 similitudinem
774 1790 880 1825 illam
905 1791 1024 1825 fusius
1054 1790 1136 1832 tihi,
1163 1790 1296 1824 lector!
1327 1800 1532 1836 exponam.

358 1878 390 1917 1,
417 1874 580 1920 Bopyri‚
607 1875 753 1920 pariter
786 1884 829 1908 ac
855 1872 1071 1916 Lernaeae,
1108 1883 1220 1919 quum
1250 1883 1302 1907 ex
1331 1873 1394 1908 ovi
1421 1871 1651 1908 velamentis
1678 1875 1938 1917 prorumpunt,

191 1942 306 1976 oculis
338 1941 512 1974 instructi
548 1947 645 1974 sunt.
715 1939 838 1982 Quum
879 1952 971 1977 vero
1016 1941 1095 1975 iam
1136 1940 1256 1975 vitam
1298 1939 1541 1986 parasiticam
1575 1939 1799 1984 inceperunt
1829 1941 1939 1981 atque

189 2007 320 2042 sedem
347 2017 424 2041 non
450 2007 611 2052 amplius
642 2012 807 2050 mutant,
846 2009 991 2053 generis
1021 2006 1179 2042 feminei
1212 2006 1371 2053 Bopyri‚
1406 2006 1551 2051 pariter
1587 2010 1697 2050 atque
1733 2001 1940 2043 Lernaeae,

192 2074 320 2115 oculis,
349 2073 488 2120 quippe
518 2073 579 2119 qui
609 2074 703 2108 nihil
732 2074 893 2121 amplius
922 2074 969 2108 iis
995 2074 1154 2120 prosint,
1184 2085 1205 2108 a
1231 2078 1367 2107 natura
1393 2073 1600 2119 privantur.

357 2146 394 2192 2)
424 2147 557 2183 Simile
593 2148 681 2195 quid
713 2148 760 2183 de
792 2148 925 2184 horum
966 2156 1004 2184 et
1038 2150 1190 2184 illorum
1230 2148 1452 2184 animalium
1486 2140 1685 2180 tentaculis
1729 2143 1852 2178 valet:
1899 2151 1944 2175 ea

193 2216 294 2252 enim
322 2215 362 2249 in
392 2215 582 2260 exemplis
611 2214 748 2249 adultis
776 2226 853 2250 non
880 2227 1032 2262 prorsus
1063 2216 1215 2262 quidem
1244 2215 1402 2256 desunt,
1436 2213 1554 2247 multo
1591 2211 1779 2245 minorem
1814 2216 1945 2244 tamen

192 2284 335 2319 habent
360 2280 662 2326 magnitudinem
688 2282 902 2324 relativam,
931 2293 1042 2327 quam
1069 2281 1108 2315 in
1136 2281 1250 2327 pullis
1279 2291 1331 2314 ex
1360 2290 1433 2314 ovo
1461 2277 1576 2312 modo
1606 2277 1780 2312 exclusis.

359 2356 398 2401 3)
427 2355 547 2391 Sicuti
572 2355 828 2392 Lernaearum
856 2356 1055 2391 cuiuslibet
1081 2356 1242 2402 speciei,
1280 2357 1334 2389 ita
1362 2355 1600 2399 Bopyrorum
1634 2362 1779 2398 quoque
1819 2348 1946 2384 onmia

198 2425 389 2470 exempla,
420 2435 491 2470 quo
520 2430 692 2470 tempore
722 2435 774 2458 ex
803 2424 886 2460 ovis
916 2423 1070 2458 exclusa
1097 2429 1195 2464 sunt,
1225 2432 1338 2456 unam
1369 2419 1603 2464 eandemque
1631 2417 1774 2452 habent
1810 2422 1847 2451 et
1873 2415 1946 2449 for-

195 2503 297 2530 mam
326 2496 364 2526 et
390 2489 712 2536 magnitudinem:
743 2491 884 2527 sensim
913 2496 1041 2525 autem
1068 2489 1168 2526 varii
1204 2499 1334 2524 eorum
1361 2497 1477 2522 sexus
1504 2491 1541 2519 et
1568 2485 1691 2519 forma
1730 2491 1768 2519 et
1801 2482 1944 2528 magni-
