2150 2904
1048 204 1073 236 4

196 309 245 344 ad
264 308 421 345 brevius
440 308 540 342 latus
567 307 650 352 plus
677 304 852 341 minusve
878 300 1065 336 inflexum
1093 305 1160 334 est.
1205 298 1346 335 Verum
1374 312 1450 337 non
1474 301 1515 336 in
1542 301 1716 337 omnibus
1745 302 1936 347 exemplis

196 375 362 421 corporis
389 373 641 419 inaequalitas
668 369 964 415 (assymmetria)
989 377 1064 402 uno
1091 372 1237 401 tantum
1266 367 1476 414 eodemque
1504 368 1620 403 modo
1646 380 1686 403 se
1713 368 1841 410 habet,
1870 366 1938 401 sed
1971 379 1978 383 ·

193 442 236 476 in
265 442 350 476 aliis
377 440 569 481 dextrum,
596 439 638 473 in
664 438 748 471 aliis
776 437 971 471 sinistrum
996 434 1093 469 latus
1120 435 1241 469 altero
1269 434 1423 469 brevius
1452 433 1684 469 observatur.
1733 434 1776 469 In
1801 445 1938 480 genere

197 514 324 542 autem
353 517 464 541 omne
492 515 639 550 corpus,
668 503 853 550 siquidem
878 504 958 537 eius
985 501 1137 536 dorsum
1165 502 1349 542 intueare,
1376 500 1460 535 folii
1485 499 1602 535 habet
1626 501 1811 544 formam,
1840 499 1939 547 quod

196 572 414 619 Phytophili
439 571 571 606 folium
601 571 797 617 appellant
824 568 1223 615 oblique—obovatum.

358 637 545 672 Feminae
573 648 707 684 corpus
732 638 771 671 in
796 635 1078 683 quatuordecim
1109 635 1284 670 articulos
1321 633 1497 680 (annulos
1525 635 1607 669 sive
1645 633 1807 681 cingula)
1843 633 1940 669 divi-

197 716 280 740 sum
307 711 377 748 est,
404 716 559 751 quorum
586 705 729 750 primus
757 708 869 749 caput
890 701 1084 747 significat,
1107 708 1253 748 septem
1281 706 1481 747 sequentes
1504 706 1677 735 truncum
1697 700 1941 742 constituunt,

196 772 334 818 reliqui
360 783 454 808 vero
480 771 636 806 caudam
665 757 906 816 componunt.
960 768 1099 803 Trunci
1127 768 1305 803 articulus
1338 766 1522 802 secundus
1555 768 1724 802 omnium
1750 767 1945 801 maximus

194 845 267 885 est,
295 838 437 873 caudae
464 838 616 872 ultimus
644 838 813 871 omnium
840 836 1030 870 minimus.
1084 833 1208 882 Caput
1236 845 1258 869 a
1282 840 1393 881 parte
1421 833 1609 868 anteriore
1636 833 1785 869 modice
1812 839 1869 867 est
1887 819 1953 867 ar-¹

198 910 370 947 enatum,
397 904 481 950 pari
508 904 588 938 fere
615 902 850 949 longitudine
878 914 921 937 ac
947 902 1167 944 latitudine,
1202 907 1315 948 atque
1343 902 1375 936 si
1403 913 1425 936 a
1454 906 1561 948 parte
1598 902 1791 947 superiore
1826 900 1945 946 inspi-

199 972 334 1014 ciatur,
363 971 530 1006 tabulam
559 970 678 1004 refert
706 968 1014 1015 quadrangulam,
1043 969 1145 1003 cuius
1173 973 1302 1003 tamen
1333 967 1502 1003 anterior
1528 978 1657 1013 margo
1688 968 1844 1014 reliquis
1878 966 1945 1000 ali-

200 1044 340 1085 quanto
368 1043 425 1072 est
450 1038 597 1083 longior
634 1035 741 1081 (Tab.
769 1035 796 1069 I.
822 1034 904 1080 Fig.
936 1037 970 1077 5,
999 1047 1023 1069 α
1049 1035 1129 1080 Fig.
1153 1034 1203 1079 6).
1238 1033 1307 1068 Illo
1337 1040 1499 1081 excepto
1527 1035 1663 1081 reliqui
1690 1033 1824 1080 capitis
1850 1043 1947 1067 mar-

185 1098 303 1149 ‘gines
331 1115 354 1138 a
377 1104 500 1150 primo
529 1103 650 1136 trunci
675 1101 854 1142 articulo,
890 1102 1030 1145 quippe
1069 1102 1132 1145 qui
1157 1101 1198 1133 in
1225 1101 1354 1132 media
1384 1106 1493 1144 parte
1521 1101 1642 1133 multo
1669 1100 1718 1132 sit
1745 1099 1948 1142 angustior,

198 1180 310 1215 quam
334 1170 374 1202 in
399 1168 572 1212 partibus
599 1165 833 1204 lateralibus,
862 1162 1236 1207 comprehenduntur
1256 1168 1295 1196 et
1312 1174 1394 1197 cum
1414 1174 1458 1197 eo
1481 1163 1618 1197 intime
1645 1169 1732 1196 sunt
1749 1163 1949 1197 coniuncti.

199 1234 242 1269 Si
275 1238 400 1268 autem
434 1229 653 1264 inferiorem
689 1229 825 1274 capitis
858 1228 1042 1274 parietem
1077 1227 1323 1274 adspexeris,
1352 1228 1548 1272 invenies,
1581 1229 1833 1275 posteriorem
1869 1229 1950 1263 eius

199 1300 408 1345 marginem
434 1298 474 1331 in
496 1302 572 1330 tres
600 1301 752 1337 tenues,
780 1304 920 1340 parvas
948 1299 986 1328 et
1010 1295 1141 1330 variae
1163 1301 1244 1330 tum
1272 1296 1417 1330 formae
1442 1304 1520 1331 tum
1543 1295 1816 1342 magnitudinis
1842 1294 1951 1329 lami-

199 1377 268 1402 nas
296 1375 377 1399 esse
403 1362 642 1409 productum,
670 1371 826 1407 quarum
854 1361 929 1395 alia
956 1361 1071 1396 aliam
1094 1372 1163 1407 per
1187 1369 1307 1397 totam
1323 1361 1600 1407 longitudinem
1620 1361 1823 1406 contingat,
1840 1371 1951 1407 quae-

202 1444 272 1480 que
299 1429 521 1465 inferiorem
549 1427 704 1462 secundi
733 1426 862 1461 annuli
889 1427 1087 1472 parietem,
1116 1429 1174 1464 cui
1201 1435 1289 1464 sunt
1316 1428 1548 1475 applicatae,
1576 1434 1686 1476 parte
1713 1427 1839 1474 aliqua
1865 1437 1953 1462 con-

201 1503 330 1544 tegant
356 1497 416 1543 (ln
443 1494 474 1528 F
478 1496 523 1540 igi
548 1498 580 1529 6.
605 1494 748 1540 optime
772 1494 937 1539 conspici
960 1494 1146 1540 possunt.)

366 1564 470 1598 Pone
498 1561 729 1595 anteriorem
764 1559 899 1605 capitis
925 1561 1134 1605 marginem
1163 1573 1246 1595 cum
1283 1561 1463 1596 inferiore
1499 1562 1669 1597 eiusdem
1701 1561 1822 1609 partis
1856 1560 1953 1594 facie

202 1636 362 1678 quatuor
397 1627 599 1660 cohaerent
633 1625 824 1659 tentacula
854 1635 924 1670 per
957 1625 1065 1670 paria
1099 1625 1285 1673 disposita
1321 1627 1417 1673 (Fig.
1445 1631 1465 1662 5
1501 1633 1540 1662 et
1566 1632 1606 1671 7,
1642 1627 1723 1674 Fig.
1752 1629 1795 1670 6,
1823 1638 1868 1668 α,
1896 1625 1954 1669 b.).

205 1695 310 1737 Quae
335 1693 499 1739 primum
526 1691 589 1726 vel
617 1690 783 1725 anterius
812 1701 883 1736 par
911 1691 1160 1736 constituunt,
1188 1693 1289 1729 haud
1316 1695 1449 1740 procul
1475 1695 1643 1730 invicem
1670 1693 1825 1738 distant,
1852 1694 1953 1728 inter

202 1760 352 1806 reliqua
377 1768 472 1795 vero
498 1757 618 1792 multo
646 1757 770 1791 maius
792 1757 995 1792 intercedit
1017 1758 1273 1795 intervallum.
1325 1760 1396 1795 Illa
1422 1761 1480 1795 his
1508 1761 1668 1796 dimidio
1695 1761 1778 1796 fere
1804 1761 1955 1795 minora

209 1833 314 1869 sunt,
348 1823 638 1869 unumquodque
666 1829 792 1858 autem
821 1836 841 1858 e
867 1824 1011 1860 duobus
1039 1831 1181 1860 constat
1212 1827 1377 1862 articulis
1403 1828 1582 1864 brevibus
1608 1835 1648 1863 et
1672 1830 1757 1876 plus
1779 1828 1953 1863 minusve

207 1891 476 1939 complanatis,
505 1891 625 1925 altero
653 1891 851 1933 interiore,
878 1890 1133 1938 quadrangulo
1158 1893 1237 1928 fere
1266 1900 1305 1929 et
1332 1906 1415 1929 cum
1443 1895 1566 1941 capite
1596 1896 1672 1938 ita,
1709 1901 1751 1930 ut
1783 1905 1860 1928 non
1888 1891 1955 1927 ad-

203 1959 358 1996 modum
387 1959 537 2003 moveri
565 1958 698 2004 possit,
717 1958 927 2000 coniuncto,
950 1959 1070 1993 altero
1089 1960 1296 2003 exteriore,
1323 1963 1442 1996 multo
1464 1961 1626 2004 minore,
1655 1966 1694 1995 et
1713 1958 1954 2005 cylindraceo

203 2026 294 2059 sere.
349 2023 421 2066 Qui
461 2035 672 2070 perparvus
707 2025 949 2060 articulorum
989 2036 1167 2060 numerus
1202 2034 1417 2062 memoratu
1446 2026 1653 2063 admodum
1691 2025 1826 2070 dignus
1861 2024 1955 2059 mihi

204 2091 374 2134 videtur,
411 2103 523 2138 quum
559 2102 635 2125 non
667 2091 788 2125 solum
817 2091 978 2126 aliorum
1011 2098 1309 2138 crustaceorum‚
1342 2107 1475 2131 verum
1513 2094 1629 2129 etiam
1663 2093 1956 2127 tenerrimorum

204 2155 438 2202 Bopyrorum
480 2159 670 2193 tentacula
713 2170 733 2192 e
785 2158 905 2193 multo
947 2158 1085 2193 maiori
1128 2161 1372 2197 articulorum
1413 2171 1571 2196 numero
1613 2159 1690 2194 sint
1737 2159 1957 2206 composita.

206 2220 301 2265 (Fig.
329 2224 362 2265 9,
385 2223 445 2267 τι).
497 2224 611 2259 Haud
638 2225 763 2261 minus
785 2224 854 2259 hoc
882 2237 1028 2272 quoque
1054 2237 1118 2265 me
1147 2226 1320 2273 offendit,
1349 2227 1448 2274 quod
1473 2226 1617 2273 Bopyri
1645 2225 1843 2260 adultioris
1873 2230 1955 2259 ten-

208 2288 332 2321 tacula
357 2290 427 2322 vix
455 2300 497 2323 ac
524 2301 573 2324 ne
598 2291 669 2325 vix
698 2291 849 2337 quidem
877 2293 1025 2327 moveri
1044 2301 1214 2339 possunt,
1243 2304 1466 2342 semperque
1489 2292 1663 2328 inferiori
1690 2290 1823 2338 capitis
1843 2290 1955 2327 faciei

207 2364 275 2401 per
301 2359 422 2388 totam
449 2356 722 2402 longitudinem
751 2358 940 2406 applicata
967 2365 1066 2393 sunt.

370 2420 472 2455 Pone
504 2424 722 2468 posterioris
755 2424 859 2471 paris
892 2426 1083 2460 tentacula
1116 2427 1245 2464 tabula
1277 2427 1501 2464 observatur
1526 2427 1623 2470 lata,
1664 2437 1759 2473 quae
1798 2425 1959 2461 aliorum
