2150 2904
1047 265 1094 297 29

315 367 346 400 le
368 368 448 399 cirre
472 369 649 409 superieur,
673 367 787 399 l’autre
803 377 882 399 sous
903 366 935 397 le
958 366 1123 399 tubercula
1145 367 1296 409 setifere3
1319 368 1406 401 enfin
1428 369 1460 401 le
1483 371 1648 403 troisieme
1668 378 1720 403 est
1740 372 1831 414 place
1855 375 1895 407 de
1918 375 1951 408 la

311 428 413 458 meme
444 427 586 458 muniere
615 438 669 457 sur
697 425 728 457 la
757 436 844 456 rame
867 426 1021 463 ventrale‚
1044 427 1278 458 c'est-a-dire
1309 435 1399 459 entre
1429 429 1459 460 le
1490 430 1656 463 tubercule
1687 432 1820 464 setisere
1850 440 1882 464 et
1915 434 1947 466 le

314 486 396 517 cirre
420 486 580 516 inlex-leur.
602 484 653 515 La
667 483 767 514 forme
790 483 831 514 de
855 495 908 515 ces
930 484 1108 525 languentes
1124 485 1334 524 branchiales,
1355 487 1436 517 ainsi
1455 500 1515 530 que
1533 490 1604 521 leur
1620 491 1784 533 grandem·
1802 490 1948 532 relative,

309 545 399 575 varie
422 550 557 575 souvent
579 542 659 573 dans
679 542 727 573 les
751 542 937 574 differentes
960 545 1079 586 parties
1099 544 1141 575 du
1165 554 1273 585 corps;
1295 545 1375 575 mais
1399 544 1479 577 elles
1506 549 1647 580 existent
1662 550 1680 580 a
1695 557 1766 580 tous
1780 548 1829 580 les
1843 550 1948 591 pleds,

313 601 449 643 excepte
480 601 616 643 quelque
649 601 711 632 sois
740 611 794 633 sur
822 601 870 633 les
894 602 981 634 deux
1007 614 1049 634 ou
1071 603 1150 634 trois
1177 603 1350 645 premier-s,
1388 615 1430 635 ou
1461 605 1541 638 elles
1572 615 1645 639 sont
1677 608 1750 651 plus
1775 619 1817 639 ou
1841 611 1947 641 moins

314 660 593 692 rudimentaires.“

351 736 382 784 ξ.
410 739 443 770 4.
475 736 607 771 Omnis
642 739 810 784 corporis
843 738 1051 786 epidermis
1085 740 1299 787 pertenuis,
1344 740 1540 787 subrigida
1583 748 1622 778 et
1661 744 1854 790 pellucida
1890 752 1949 780 est

186 805 357 847 cuticula,
386 814 481 850 quac
507 810 588 838 tum
613 805 655 838 in
682 804 884 849 inferiore,
912 813 992 841 tum
1026 807 1067 841 in
1101 808 1296 855 superiore
1334 809 1502 856 corporis
1536 810 1632 844 facie
1674 812 1947 848 innumerabili

187 883 347 909 numero
376 871 683 906 tenuissimarum
711 878 928 908 transverse
958 873 1238 911 decurrentium
1276 882 1315 911 et
1342 886 1452 923 quam
1480 878 1660 922 proxime
1687 878 1761 913 sibi
1789 879 1945 914 sitarum

183 940 361 974 striarum
390 944 447 972 est
473 938 667 982 instructa,
697 951 782 974 eam
811 940 858 975 ob
887 952 1039 976 causam
1068 954 1173 985 vero,
1207 955 1319 990 quum
1347 945 1470 979 lucem
1493 944 1665 988 reflectit,
1694 946 1804 981 iridis
1828 946 1947 992 fulget

183 1006 382 1041 coloribus.
444 1004 597 1041 Coritun
643 1018 688 1041 ea
728 1008 848 1042 multo
893 1014 951 1043 est
994 1010 1153 1044 crassius
1198 1016 1310 1058 atque
1352 1022 1530 1057 magnam
1571 1012 1760 1058 pigmenti
1794 1014 1945 1060 copiam

182 1073 363 1108 continet.
421 1072 596 1114 Partem,
636 1085 730 1118 quae
774 1074 935 1109 aliorum
971 1076 1193 1112 animalium
1233 1078 1439 1124 panniculo
1479 1078 1639 1124 adiposo
1679 1080 1944 1126 responderet,

179 1139 318 1175 frustra
353 1139 535 1184 quaesivi.
599 1135 703 1170 Cutis
738 1138 840 1171 color
874 1150 944 1183 pro
988 1141 1099 1174 varia
1135 1139 1334 1185 Lycoridis
1377 1149 1529 1177 nostrae
1574 1150 1699 1178 aetate
1738 1146 1945 1181 admodum

179 1206 318 1245 variat.
372 1203 527 1237 Etenim
553 1203 593 1236 in
619 1200 831 1235 iunioribus
851 1202 897 1237 iis
929 1204 1133 1250 exemplis,
1163 1216 1319 1251 quorum
1347 1208 1549 1255 longitudo
1568 1210 1746 1255 pollicem
1772 1210 1943 1245 nondum

182 1271 356 1313 excedit,
393 1270 487 1303 cutis
522 1268 642 1314 pallet
685 1274 723 1302 et
755 1268 890 1302 coloris
922 1269 1003 1304 fere
1044 1276 1101 1303 est
1136 1282 1296 1316 expers:
1327 1276 1369 1308 in
1407 1275 1658 1310 adultioribus
1693 1283 1821 1312 autem
1857 1277 1945 1324 plus

179 1339 355 1374 minusve
381 1336 506 1378 rubet,
533 1335 587 1381 ita
615 1333 781 1380 quidem,
809 1340 862 1376 ut,
893 1347 965 1381 quo
993 1336 1150 1381 propius
1177 1341 1382 1383 posteriori
1408 1343 1576 1387 corporis
1606 1344 1870 1387 extremitati,
1898 1356 1944 1379 eo

178 1404 298 1451 magis
323 1401 552 1438 rubicundus
588 1401 691 1436 color
726 1406 925 1446 augeatur,
963 1402 1132 1437 cinereus
1160 1415 1254 1439 vero
1287 1407 1407 1450 color,
1445 1409 1508 1455 qui
1544 1409 1586 1443 in
1614 1410 1741 1444 antica
1774 1410 1946 1456 corporis

178 1476 289 1519 parte
316 1469 430 1505 rubro
460 1468 647 1504 admistus
675 1473 752 1510 est,
787 1468 929 1501 sensim
959 1477 1175 1504 evanescat.
1228 1471 1312 1507 Huc
1347 1475 1513 1518 accedit,
1551 1477 1652 1523 quod
1687 1477 1846 1512 dorsalis
1879 1477 1944 1513 vel

179 1537 350 1584 superior
376 1535 493 1569 facies
519 1533 880 1576 innumerabilibus,
910 1533 1195 1580 minutissimis,
1232 1544 1271 1572 et
1304 1540 1410 1574 aurei
1446 1542 1581 1576 coloris
1617 1545 1775 1578 maculis
1809 1548 1944 1577 ornata

180 1610 256 1646 est,
285 1613 379 1649 quae
408 1612 522 1643 vero,
548 1611 620 1647 quo
647 1600 806 1645 propius
831 1600 1084 1645 posteriorem
1113 1604 1280 1648 corporis
1306 1608 1596 1642 extremitatem
1622 1616 1710 1643 sunt
1743 1611 1860 1652 sitae,
1895 1620 1942 1644 eo

177 1668 298 1715 magis
325 1672 608 1708 coacervantur,
636 1665 727 1712 quin
755 1666 875 1700 etiam
901 1666 1042 1712 partim
1071 1669 1298 1703 coalescunt.
1351 1670 1488 1707 Rarius
1517 1674 1707 1709 adultiora
1736 1686 1855 1722 eaque
1884 1681 1942 1709 sat

177 1735 314 1774 vivida
337 1733 419 1770 vidi
443 1733 637 1779 exempla,
666 1743 823 1779 quorum
854 1733 949 1767 cutis
977 1741 1041 1769 aut
1064 1736 1177 1769 lactei
1204 1735 1298 1780 fere,
1327 1743 1391 1772 aut
1419 1750 1472 1774 ex
1500 1741 1589 1776 albo
1617 1742 1841 1778 virescentis
1859 1748 1941 1777 erat

179 1802 325 1837 coloris.
378 1800 481 1835 Vasa
510 1799 745 1844 sanguifera,
774 1810 869 1847 quae
895 1809 967 1846 per
998 1802 1229 1848 reliquorum
1264 1808 1388 1838 cutem
1426 1805 1527 1842 clare
1559 1809 1862 1852 translucebant,
1901 1809 1942 1843 in

178 1870 227 1905 iis
252 1869 327 1905 vix
353 1866 519 1912 conspici
545 1871 734 1912 poterant.

344 1950 377 1998 ξ.
401 1953 433 1984 5.
461 1947 555 1983 Cum
583 1954 667 1983 cute
690 1951 949 1996 tenuissimae,
976 1951 1068 1987 laxe
1092 1958 1237 1988 tantum
1265 1954 1366 1990 inter
1392 1966 1432 1990 se
1462 1957 1697 2000 coniunctae,
1725 1957 1871 2003 rigidae
1901 1965 1940 1993 et

180 2019 352 2067 argentei
374 2017 456 2052 fere
482 2015 617 2050 nitoris
641 2015 845 2052 cohaerent
871 2020 987 2054 fibrae
1010 2020 1260 2064 musculares,
1289 2034 1448 2069 quarum
1479 2036 1553 2071 ope
1584 2024 1726 2060 vermis
1762 2024 1937 2068 extendi,

180 2084 361 2128 contrahi,
390 2089 428 2118 et
454 2081 562 2119 vario
588 2081 704 2117 modo
732 2083 832 2119 flecti
857 2092 997 2132 potest.

343 2165 388 2200 In
421 2177 557 2212 genere
592 2163 716 2201 dividi
742 2175 901 2214 possunt
937 2170 978 2205 in
1004 2170 1300 2216 longitudinales
1336 2178 1374 2207 et
1402 2175 1688 2211 transversalcs.
1739 2174 1833 2210 Illae
1868 2186 1940 2211 sex

180 2233 412 2270 constituunt
437 2232 634 2267 fasciculos
663 2244 685 2267 a
713 2235 837 2281 capite
865 2236 914 2270 ad
940 2237 1116 2273 ultimum
1145 2239 1312 2285 corporis
1338 2241 1520 2274 annulum
1543 2246 1752 2287 porrectos,
1781 2253 1940 2288 quorum

181 2301 255 2336 duo
287 2299 388 2334 infra
424 2298 633 2342 dorsalem,
679 2299 753 2335 duo
796 2308 923 2337 autem
963 2313 1076 2350 supra
1109 2306 1324 2341 ventralem
1361 2308 1456 2342 cutis
1491 2313 1638 2354 partem
1675 2307 1774 2343 haud
1807 2310 1938 2355 procul

180 2366 345 2401 invicem
380 2371 467 2400 sunt
501 2365 574 2400 siti„
636 2365 882 2413 Super-iorum
927 2375 1085 2417 uterque
1130 2378 1284 2407 tenuem
1320 2379 1359 2408 et
1390 2374 1566 2409 latiorem
1603 2374 1722 2409 refert
1766 2376 1934 2410 taeniam

181 2431 289 2479 (Tab.
314 2431 359 2466 ΙΙ.
384 2431 463 2478 Fig.
494 2436 552 2476 12,
579 2430 614 2479 c)
647 2434 748 2469 cuius
775 2435 934 2471 interior
960 2447 1088 2484 margo
1116 2439 1282 2485 corporis
1317 2440 1460 2475 lincam
1488 2441 1729 2485 medianam,
1765 2443 1937 2477 exterior

180 2510 274 2536 vero
301 2498 564 2534 branchiarum
591 2506 743 2537 truncos
765 2504 898 2550 tangit,
927 2514 1097 2552 quaeque
1126 2517 1146 2540 e
1172 2505 1331 2542 totidem
1371 2514 1517 2544 constat
1555 2509 1808 2549 sectionibus,
1847 2514 1938 2555 quot
