2150 2904
1035 250 1075 258 -r-

1032 259 1062 282 2)ss

184 368 229 394 ea
260 357 316 393 nil
350 366 432 391 esse
452 356 527 391 nisi
549 354 741 401 sanguinis
767 355 1024 401 receptacula,
1052 365 1170 402 eaque
1200 359 1280 390 tum
1306 354 1548 401 potissimum
1569 356 1748 402 sanguine
1762 362 1924 403 turgere,

184 435 297 473 quum
323 423 459 459 humor
478 424 543 458 ille
571 422 648 457 ulla
675 432 728 456 ex
755 431 866 456 causa
892 421 1141 468 impediatur,
1169 422 1369 469 quominus
1394 423 1470 457 alia
1496 432 1636 468 organa-
1664 421 1770 457 adire
1795 425 1925 469 possit.

182 489 224 526 Si
251 496 376 526 autem
404 489 722 532 consideraveris,
756 487 931 524 circulum
961 488 1163 534 sanguinis,
1192 488 1331 536 quippe
1356 490 1418 536 qui
1443 490 1551 524 latex
1582 490 1624 523 in
1657 498 1749 524 vase
1783 489 1926 524 dorsali

180 558 401 605 plerumque
432 562 543 603 caput
573 567 705 593 versus
739 556 855 590 fluere
882 554 1025 597 soleat,
1065 562 1145 590 tum
1178 556 1349 591 maxime
1394 556 1553 599 turbari,
1595 567 1707 602 quum
1745 555 1926 602 pharynx

182 630 338 658 exserta
373 624 441 667 sit,
476 624 696 670 [propterea
729 621 828 669 quod
863 632 909 656 eo
943 626 1115 668 tempore
1148 623 1232 658 fieri
1263 634 1341 658 non
1373 624 1510 670 possit,
1554 623 1644 669 quin
1677 623 1791 657 antici
1823 623 1926 658 vasis

182 688 342 724 dorsalis
359 691 456 724 rami
475 690 521 724 ab
549 700 687 734 organo
714 689 780 723 illo
807 688 862 722 ita
880 689 1189 734 comprimantur,
1215 696 1258 724 ut
1274 690 1424 736 sanguis
1438 689 1679 736 impediatur,
1708 700 1780 736 quo
1801 688 1926 723 minus

182 766 236 790 ex
261 757 449 790 anteriore
475 755 577 790 vasis
605 755 766 789 dorsalis
799 754 1044 789 extremitate
1071 755 1113 791 in
1148 756 1378 791 anteriorem
1404 757 1507 792 vasis
1533 755 1715 791 ventralis
1743 754 1926 789 extremi-

181 826 299 855 tatem
331 820 513 865 transeat]
550 820 687 855 eodem
721 827 891 866 tempore
927 826 1054 856 autem
1091 832 1113 856 a
1144 821 1338 869 pharynge
1371 827 1527 856 exserta
1561 832 1701 867 organa
1726 821 1926 856 reticulata

182 898 328 934 quoque
349 888 656 934 comprimantur,
684 887 842 922 fortasse
869 898 1018 921 mecum
1046 888 1279 930 consenties,
1307 899 1446 934 organa
1473 887 1521 922 de
1550 887 1682 933 quibus
1710 887 1832 932 agitur
1861 885 1927 919 alii

179 958 382 999 praeterea
407 953 593 988 functioni
619 953 817 989 inservire.
868 952 901 987 E
928 964 1016 987 mea
1048 954 1240 987 sententia
1271 953 1526 1000 permixtioni
1552 959 1710 1000 prosunt
1736 951 1926 997 sanguinis

181 1019 292 1064 chylo
315 1020 446 1054 infecti
474 1032 557 1054 cum
586 1019 766 1064 sanguine
793 1018 978 1063 Oxydato.
1030 1018 1118 1054 Alia
1145 1019 1246 1053 enim
1273 1029 1368 1055 vasa
1393 1019 1614 1064 sanguinem
1642 1030 1661 1052 e
1684 1023 1804 1053 tractu
1830 1017 1927 1051 inte-

180 1085 380 1128 stinorum,
410 1087 485 1120 alia
510 1086 707 1120 humorem
741 1085 859 1118 talem
887 1097 907 1118 e
935 1084 1125 1119 branchiis
1153 1084 1202 1119 ad
1227 1096 1297 1118 vas
1325 1085 1474 1118 dorsale
1500 1084 1700 1127 revehunt,
1729 1094 1799 1129 quo
1827 1081 1926 1115 sacto

180 1146 250 1187 vas
277 1151 427 1186 dorsale
460 1156 540 1185 tum
565 1151 695 1192 illum,
729 1155 808 1183 tum
841 1149 938 1184 hunc
967 1149 1164 1183 humorem
1197 1149 1395 1183 confestim
1427 1149 1608 1195 brevique
1637 1148 1820 1195 temporis
1846 1157 1928 1180 mo-

180 1222 311 1252 mento
339 1216 486 1261 organis
512 1215 718 1249 reticulatis
737 1213 889 1249 tradere
924 1215 1041 1258 solet3
1077 1224 1218 1259 organa
1242 1214 1309 1248 illa
1335 1221 1463 1249 autem
1497 1214 1552 1248 ita
1583 1220 1671 1248 sunt
1702 1218 1926 1253 constructa,

180 1289 223 1318 ut
249 1283 460 1317 necessario
483 1281 613 1318 variae
640 1281 830 1326 sanguinis
855 1287 997 1327 partes,
1025 1291 1120 1326 quae
1147 1280 1187 1314 in
1215 1291 1261 1313 ea
1287 1279 1472 1313 adductae
1500 1285 1626 1322 erant,
1653 1280 1730 1313 iam
1757 1278 1870 1320 iniis,
1897 1277 1930 1311 si

180 1349 221 1384 in
247 1359 338 1384 vase
366 1348 507 1383 dorsali
542 1346 710 1382 nondum
738 1345 830 1380 satis
857 1346 1069 1380 commixta
1102 1351 1228 1386 erant,
1256 1346 1409 1390 penitus
1438 1347 1762 1380 commisceantur.
1821 1343 1930 1379 Atta-

182 1426 272 1449 men
304 1426 441 1460 negare
469 1414 579 1454 nolo,
613 1423 753 1457 organa
779 1412 1001 1453 reticulata,
1036 1410 1172 1444 saltem
1209 1421 1255 1444 eo
1290 1416 1482 1456 tempore,
1519 1421 1592 1457 quo
1629 1411 1809 1457 pharynx
1851 1419 1930 1443 non

183 1486 338 1516 exserta
359 1481 426 1522 sit,
451 1479 775 1526 receptaculorum
800 1489 949 1526 quoque
977 1475 1109 1511 officiis
1137 1474 1241 1521 fungi
1267 1487 1392 1522 posse.

349 1611 409 1648 Ad
436 1613 549 1647 finem
576 1612 686 1647 huius
711 1609 936 1657 paragraphi
962 1619 1040 1643 non
1065 1618 1232 1655 possum,
1262 1608 1351 1655 quin
1376 1608 1446 1643 hoc
1473 1609 1640 1651 afferam,
1667 1618 1736 1644 vas
1753 1606 1928 1644 ventrale

182 1691 258 1715 una
291 1690 374 1715 cum
410 1679 526 1713 ramis
554 1678 651 1719 suis,
678 1677 767 1711 licet
793 1677 833 1711 in
858 1675 1085 1712 Nereidibus
1112 1674 1302 1719 sanguinis
1336 1674 1460 1708 fluxus
1494 1675 1603 1718 longe
1629 1674 1705 1707 alio
1740 1672 1854 1707 modo
1889 1683 1930 1705 se

181 1746 341 1788 habeat,
378 1755 488 1792 quam
522 1743 563 1777 in
590 1743 817 1777 animalibus
843 1741 1093 1783 vertebratis,
1127 1739 1256 1774 varias
1284 1740 1332 1773 ob
1360 1750 1490 1773 causas
1516 1744 1646 1772 tamen
1671 1739 1824 1772 illorum
1851 1737 1932 1771 ani-

183 1811 340 1846 malium
373 1809 572 1856 systemati
604 1819 748 1843 venoso
785 1806 1028 1853 respondere.
1080 1805 1234 1839 Etenim
1261 1816 1356 1840 vasa
1380 1805 1446 1838 illa
1473 1805 1531 1846 iis,
1560 1816 1654 1851 quae
1682 1803 1731 1838 ad
1754 1801 1929 1836 Nereidis

184 1877 372 1912 dorsalem
399 1882 547 1923 partem
569 1874 773 1921 pertinent,
797 1884 874 1907 non
892 1872 1026 1914 solum,
1051 1871 1172 1905 multa
1195 1876 1283 1904 sunt
1299 1870 1495 1916 ampliora,
1523 1881 1655 1905 verum
1680 1870 1795 1903 etiam
1812 1868 1930 1901 multo

184 1943 330 1977 maiora
363 1948 521 1978 exstant
546 1949 723 1983 numero,
758 1937 898 1973 deinde
933 1938 1155 1983 sanguinem
1182 1936 1327 1972 veliunt
1359 1945 1435 1969 non
1470 1935 1525 1970 ita
1558 1936 1734 1977 rubrum,
1768 1939 1810 1968 ut
1837 1944 1929 1968 vasa

185 2010 389 2056 superiora,
418 2009 581 2056 denique
608 2007 649 2040 in
674 2004 901 2041 Nereidibus
923 2003 1081 2040 mortuis
1100 2002 1280 2048 sanguine
1298 2007 1458 2046 turgent,
1479 2012 1575 2038 vasa
1589 2001 1784 2048 superiora
1801 2004 1929 2033 autem

186 2075 366 2121 sanguine
393 2075 547 2111 omnino
575 2077 727 2110 vacant.

351 2206 383 2254 ξ.
412 2210 467 2242 13.
494 2206 545 2242 Ut
569 2206 610 2241 in
637 2205 721 2240 aliis
747 2204 961 2246 vermibus,
995 2202 1050 2237 ita
1077 2203 1118 2237 in
1143 2200 1370 2237 Nereidibus
1396 2212 1565 2248 quoque,
1598 2205 1726 2247 partes
1753 2198 1929 2245 perditae

186 2274 297 2309 facile
331 2273 545 2319 regenerari
570 2273 705 2307 solent.
757 2269 911 2305 Etenim
946 2264 1138 2314 complura
1171 2268 1366 2304 variarum
1392 2266 1599 2301 Nereidum
1626 2265 1708 2301 vidi
1736 2266 1934 2311 exempla,

170 2325 345 2390 *quorum
374 2350 507 2385 corpus
531 2349 551 2372 e
580 2338 699 2372 multo
726 2335 866 2372 minori
894 2335 1116 2369 annulorum
1144 2344 1301 2368 numero
1330 2338 1412 2366 erat
1437 2332 1700 2378 compositum,
1727 2342 1838 2377 quam
1865 2330 1931 2376 qui

187 2406 329 2442 illaesis
352 2404 555 2439 earundem
583 2403 793 2449 specierum
820 2400 1011 2447 exemplis
1035 2406 1093 2434 est
1119 2398 1301 2445 proprius.
1326 2398 1371 2432 In
1392 2398 1583 2433 nonnullis
1610 2402 1737 2431 autem
1763 2397 1932 2437 ultimus,

188 2473 230 2507 in
257 2471 339 2506 aliis
359 2471 432 2506 duo
460 2472 549 2519 quin
573 2471 688 2506 etiam
715 2475 798 2505 octo
823 2467 947 2503 ultimi
969 2465 1098 2501 annuli
1120 2465 1239 2500 multo
1264 2470 1371 2500 erant
1393 2465 1571 2506 minores,
1599 2473 1709 2510 quam
1727 2462 1769 2496 in
1786 2459 1928 2494 illaesis
