2150 2904
1049 260 1094 292 31

189 371 277 401 sunt
303 364 452 400 iunctae
473 364 538 400 vel
564 370 606 399 ut
631 364 687 399 ita
713 362 836 399 dicam
865 364 1037 408 coalitae,
1062 366 1164 401 inter
1189 376 1230 401 se
1259 363 1534 412 aliquantulum
1556 361 1711 404 distant,
1740 367 1778 396 et
1802 362 1943 397 tennis-

187 434 326 470 simum
350 432 745 478 simplicissimumque
773 436 936 466 stratum
965 434 1207 470 constituunt⁴

352 498 482 548 Neque
518 499 719 533 branchiae
760 509 966 545 earumque
1002 501 1122 536 trunci
1156 502 1321 548 propriis
1355 499 1458 534 fibris
1490 497 1763 533 muscularibus
1800 501 1942 530 carent.

185 566 296 603 Aliae
321 568 362 602 in
390 567 494 609 cutis,
524 576 596 612 qua
624 571 662 599 et
686 565 771 611 ipsa
797 566 979 602 branchia
1005 573 1043 602 et
1071 568 1151 602 eius
1179 574 1331 601 truncus
1365 572 1451 601 sunt
1475 565 1734 605 conformata,
1762 562 1943 597 interiore

185 634 283 670 facie
310 645 379 680 per
406 632 570 679 partium
605 632 756 667 illarum
789 632 1067 678 longitudinem
1102 633 1323 677 decurrunt,
1356 644 1496 680 easque
1532 630 1755 666 contrahere
1793 633 1944 676 queunt.

185 699 297 736 Aliae
324 711 416 737 vero
451 700 490 734 in
519 700 691 746 partibus
725 700 801 734 illis
838 706 902 734 aut
932 701 1125 748 obliquum
1163 707 1229 736 aut
1261 707 1518 735 transversum
1554 697 1697 732 habent
1731 697 1942 736 decursum,

189 779 346 814 easque,
379 766 607 813 praesertim
651 766 912 802 branchiarum
956 774 1125 809 truncos,
1166 779 1237 814 quo
1280 773 1459 813 tempore
1498 765 1613 799 fibrae
1648 761 1945 810 longitudinales

184 835 384 870 relaxatae
413 839 522 874 sunt,
554 834 780 879 prolongare
813 841 985 881 possunt.
1043 834 1153 870 Aliae
1189 834 1353 881 denique
1387 834 1433 868 ab
1470 831 1668 867 ambarum
1705 830 1946 870 acicularum,

187 901 321 947 quibus
349 900 518 945 singulae
549 899 751 934 branchiae
778 901 983 936 instructae
1010 907 1109 944 sunt,
1136 901 1319 936 interiore
1347 906 1525 935 extrema
1551 905 1683 945 parte,
1716 897 1781 932 vel
1817 894 1943 941 potius

185 968 233 1002 ab
261 967 425 1009 indusio,
454 966 554 1013 quod
581 967 805 1002 interiorem
833 968 1066 1012 singularum
1089 968 1317 1002 acicularum
1340 973 1492 1014 partem
1513 965 1685 1007 includit,
1711 975 1782 1010 per
1808 971 1944 996 cavum

185 1033 282 1068 illud
312 1033 412 1080 quod
436 1033 477 1067 in
504 1033 711 1069 branchiae
738 1040 868 1069 trunco
898 1033 1138 1077 observatur,
1167 1033 1216 1068 ad
1243 1035 1366 1069 trunci
1393 1033 1684 1068 extremitatem.
1711 1028 1945 1065 exteriorem

185 1100 367 1143 tendunt,
400 1101 529 1145 ibique
558 1111 642 1133 cum
671 1106 754 1132 cute
782 1101 995 1133 cohaerent.
1047 1101 1200 1133 Etenim
1225 1107 1384 1145 utraque
1413 1101 1559 1133 acicula·
1584 1099 1731 1133 duobus
1765 1095 1946 1129 fibrarum

184 1165 375 1200 fasciculis
403 1167 589 1200 instructa
617 1169 692 1204 est,
721 1164 842 1196 altero
867 1170 992 1205 recto,
1026 1166 1146 1199 altero
1182 1166 1353 1211 obliquo:
1387 1165 1481 1199 recti
1509 1164 1550 1199 in
1585 1163 1790 1198 interstitio
1821 1161 1947 1194 locum

183 1230 339 1274 habent,
365 1230 467 1278 quod
499 1231 599 1264 inter
628 1229 758 1264 ambas
792 1229 981 1274 reperitur
1017 1230 1201 1273 aciculas,
1236 1229 1345 1275 (Tab.
1371 1228 1417 1264 II.
1448 1227 1530 1275 Fig.
1560 1229 1638 1274 12.)
1669 1226 1811 1272 obliqui
1849 1234 1943 1260 vero

184 1297 261 1332 illis
305 1298 472 1343 oppositi
501 1302 610 1339 sunt,
647 1306 853 1341 eorumque
889 1296 987 1329 alter
1026 1307 1197 1340 sursum,
1237 1298 1336 1331 alter
1379 1296 1557 1330 deorsum
1598 1295 1733 1330 tendit.
1766 1291 1875 1338 (Tab.
1898 1289 1943 1325 II·

184 1363 267 1410 Fig.
285 1367 318 1407 7,
335 1377 371 1398 m
383 1377 429 1398 m.
465 1363 546 1409 Fig.
576 1367 634 1405 12,
662 1362 744 1406 2⁶12).
770 1361 930 1396 Museuli
956 1362 1277 1409 descriptiquum
1307 1361 1591 1405 contrahuntur,
1618 1361 1784 1395 aciculae
1812 1357 1944 1405 procul

186 1431 301 1467 dubio
331 1431 607 1477 aliquantulum
634 1434 875 1471 exseruntur,
903 1432 1124 1475 corpuscula
1151 1429 1331 1464 cellulosa
1359 1433 1499 1469 autem,
1528 1439 1624 1474 quae
1643 1438 1727 1461 cum
1743 1426 1790 1459 iis
1810 1424 1944 1459 cohae-

185 1504 274 1535 rent
305 1509 443 1543 eosque
480 1497 778 1542 amplectuntur,
813 1495 863 1528 ad
898 1495 1162 1542 branchiarum
1197 1495 1305 1529 lobos
1341 1500 1520 1540 urgentur
1553 1500 1593 1528 et
1627 1492 1943 1538 comprimuntur-3

189 1576 301 1611 quum
344 1575 437 1599 vero
477 1563 703 1597 acicularum
755 1561 915 1595 musculi
967 1562 1212 1605 relaxantur,
1267 1561 1572 1606 corpusculorum
1620 1559 1772 1592 illorum
1824 1558 1945 1592 elater

190 1630 431 1676 [elasticitas]
461 1629 634 1670 acimssas,
663 1633 795 1673 utpote
813 1638 910 1673 quae
927 1627 1108 1662 musculis
1121 1626 1406 1661 retrahentibus
1434 1625 1595 1658 omnino
1607 1629 1755 1664 carent,
1782 1622 1945 1668 repellit.

352 1693 389 1742 ξ..
413 1698 445 1730 6.
472 1693 628 1729 Tractus
656 1693 885 1728 intestinalis
897 1718 907 1735 ,
935 1693 999 1739 qui
1020 1694 1165 1740 pariter
1186 1699 1298 1739 atque
1317 1693 1356 1726 in
1377 1689 1632 1736 compluribus
1651 1690 1734 1724 aliis
1753 1689 1946 1725 vermibus

186 1767 293 1798 recta
326 1761 393 1797 via
435 1761 481 1795 ab
525 1771 588 1794 ore
632 1759 681 1794 ad
723 1760 975 1805 posteriorem
1020 1760 1187 1806 corporis
1231 1758 1520 1793 extremitatem
1555 1755 1740 1798 decurrit,
1775 1767 1796 1790 e
1824 1755 1944 1790 tribus

189 1834 338 1864 constat
364 1827 546 1874 partibus,
575 1823 835 1873 quarum‘alia
862 1827 976 1861 aliam
1005 1827 1184 1874 sequitur.

353 1895 444 1928 Pars
467 1893 613 1939 prima,
644 1893 784 1939 quippe
819 1905 914 1941 quae
948 1893 1154 1941 pbaryngis
1185 1892 1347 1927 nomine
1375 1891 1566 1938 designari
1600 1891 1741 1938 possit,
1777 1900 1944 1936 organon

191 1962 352 1999 exhibet
377 1972 455 1995 non
476 1960 530 1994 ita
557 1960 729 2005 longum,
758 1966 838 1994 tum
864 1971 1027 2008 superne
1054 1966 1134 1995 tum
1161 1960 1311 1994 inferne
1339 1960 1613 2006 aliquantulum
1647 1959 1943 2004 complanatum,

190 2027 468 2076 propemodum
495 2026 585 2061 inde
614 2026 660 2061 ab
695 2037 760 2061 ore
798 2028 917 2073 magis
946 2027 1140 2074 magisque
1173 2028 1464 2073 amplificatum,
1497 2027 1538 2061 in
1565 2025 1776 2073 posteriore
1813 2029 1944 2058 extre-

189 2095 327 2130 mitate
355 2100 481 2130 autem
516 2093 723 2128 admodum
757 2100 991 2130 contractum
1025 2095 1093 2131 vel
1125 2095 1254 2141 potius
1284 2094 1550 2137 retundatum,
1588 2093 1644 2126 ita
1680 2096 1721 2125 ut
1755 2101 1868 2124 omne
1904 2087 1946 2122 id

191 2172 359 2206 organon
392 2162 549 2208 lagenae
584 2161 730 2205 brevis,
770 2166 973 2196 ventrosae
1011 2168 1050 2197 et
1083 2162 1391 2209 complanatioris
1426 2172 1519 2208 prae
1557 2171 1597 2193 se
1639 2159 1737 2192 ferat
1766 2155 1944 2203 speciem.

191 2225 300 2272 (Tab.
321 2226 366 2261 II.
392 2226 472 2274 Fig.
498 2232 534 2272 2,
561 2227 593 2262 k.
618 2227 701 2274 Fig.
718 2231 752 2271 7,
781 2239 811 2262 e.
840 2227 919 2274 Fig.
939 2232 972 2271 8,
990 2226 1052 2273 α.).
1080 2228 1307 2264 Instructum
1336 2234 1393 2262 est
1418 2238 1553 2273 magno
1582 2235 1739 2261 numero
1764 2223 1943 2257 fibrarum

191 2295 458 2329 muscularium
487 2300 568 2330 tum
595 2301 897 2332 transversarum
923 2301 1009 2330 tum.
1030 2293 1384 2341 longitudinalium‚
1414 2306 1510 2342 quae
1538 2293 1733 2340 proprium
1762 2288 1943 2324 constitu?

194 2366 263 2407 unt
287 2367 466 2404 stratum,
500 2361 600 2408 quod
627 2363 764 2410 ubique
791 2361 966 2409 quidem,
998 2362 1170 2396 maxime
1199 2367 1328 2396 tamen
1356 2362 1396 2396 in
1429 2360 1641 2406 posteriore
1680 2356 1808 2403 organi
1841 2354 1942 2389 illius

195 2427 356 2463 dimidia
380 2435 488 2474 parte
514 2430 700 2476 insignem
727 2428 843 2464 habet
872 2428 1171 2464 crassitudinem.
1198 2427 1421 2462 Interiorem
1454 2427 1534 2461 eius
1561 2425 1698 2460 facicm
1719 2423 1944 2458 membrana

194 2495 314 2531 vestit
338 2504 415 2528 nen
441 2497 577 2540 tenuis,
604 2495 823 2538 subalbida,
851 2495 972 2532 laevis
999 2500 1037 2530 et
1064 2494 1113 2531 ad
1138 2501 1333 2530 texturam
1360 2493 1434 2540 ipsi
1462 2493 1549 2536 cuti,
1576 2491 1679 2527 cuius
1706 2485 1945 2537 prolongatio
