2150 2904
1025 275 1069 304 37

311 379 461 415 eolo-rem,
484 383 578 418 atque
601 375 758 407 mollioris
783 381 815 406 et
837 385 1007 416 grumosae
1030 383 1078 407 est
1101 374 1274 416 compagiS.
1300 373 1365 411 Qut
1386 372 1475 405 color
1497 380 1529 404 et
1553 382 1724 415 compages
1745 383 1795 404 me
1818 374 1924 406 incita-

307 444 430 474 verunt,
452 442 486 467 ut
505 434 910 475 diligentiusflinquirerem,
936 445 1008 465 num
1031 434 1087 465 illa
1115 433 1290 463 substantia
1313 443 1383 462 cum
1411 432 1545 464 aliorum
1572 432 1756 463 animalium
1785 433 1926 463 inverte-

307 494 485 532 bratorum‚
507 493 652 535 inprimis
674 502 748 522 vero
772 492 996 524 molloscorum
1019 493 1132 534 hepate
1156 491 1293 532 aliquam
1315 489 1445 521 haberet
1468 491 1728 522 similitudinem·⁷
1757 491 1930 521 lnlcrosco·

310 555 396 595 pium
428 558 532 582 autem
558 551 767 591 compositum
792 562 841 582 me
866 552 1032 583 certiorem
1060 551 1155 588 fecit,
1191 560 1293 591 neque
1322 550 1354 580 in
1386 550 1536 580 interiore
1559 549 1725 580 ventriculi
1759 548 1928 590 superficie

308 611 498 641 foraminum
520 608 617 639 ullum
641 619 712 639 esse
740 610 927 651 vestigium,
957 620 1059 651 neque
1088 607 1232 650 singulos
1256 607 1453 638 substantiae
1486 606 1573 638 illius
1604 607 1798 647 irregulares
1827 608 1930 638 minu-

309 670 511 710 tissimosque
532 665 682 708 globulos
706 669 843 708 propriis
872 670 956 700 vasis
982 670 1063 699 inter
1088 678 1123 698 se
1145 667 1331 697 coniunctos
1352 677 1440 703 esse,
1470 666 1575 706 itaque
1600 664 1687 695 illam
1719 665 1930 696 substantiam

305 726 350 757 nil
372 738 461 764 esse,
491 727 551 757 nisi
580 726 741 767 pigmento
774 727 911 769 quodam
933 733 1163 769 praegnantem
1193 732 1225 756 et
1248 723 1404 766 singulari
1426 723 1522 754 modo
1545 723 1586 755 ad
1609 733 1795 765 compagem
1818 721 1930 753 elabo-

312 792 413 815 ratam
435 784 530 815 telam
552 795 721 815 mucosum.

346 844 586 879 Ventriculus
621 850 724 879 recta
756 845 824 880 via
851 846 891 880 in
923 847 1105 892 amplius,
1132 843 1304 886 tenuius,
1332 842 1502 886 mollius,
1528 843 1667 878 rubens
1705 846 1743 875 et
1777 841 1928 886 longum

181 911 318 946 transit
360 911 582 946 intestinum
618 910 726 958 (Tab.
751 911 795 946 Il.
831 911 912 958 Fig.
941 915 975 955 7,
1001 913 1035 948 h.
1068 913 1149 960 Fig.
1178 916 1211 957 8,
1240 911 1270 945 b.
1302 910 1383 956 Fig.
1414 914 1470 953 12,
1499 909 1550 956 n.)
1587 908 1686 956 quod
1730 919 1849 954 usque
1883 906 1932 942 ad

185 989 298 1013 anum
328 978 507 1020 decurrit,
535 990 620 1012 eum
647 990 780 1014 versus
808 979 948 1013 sensim
978 979 1209 1014 deminuittrr
1237 983 1275 1011 et
1300 978 1400 1011 inter
1426 977 1534 1012 binos
1563 974 1728 1021 corporis
1756 973 1934 1008 articulos

183 1045 391 1079 annulatim
421 1047 539 1090 magis
566 1047 741 1081 minusve
777 1046 1020 1080 constrictum
1058 1044 1353 1091 deprehenditur
1390 1044 1498 1090 (Tab.
1524 1043 1587 1077 III.
1614 1042 1694 1086 Fig.
1724 1039 1784 1085 12)
1820 1045 1935 1086 prout

180 1111 323 1145 vermis
349 1115 477 1143 noster
503 1110 708 1143 secundum
736 1111 1012 1153 longitudinem
1039 1122 1143 1143 suam
1171 1111 1290 1153 magis
1310 1112 1485 1143 minusve
1522 1118 1561 1141 se
1594 1106 1836 1140 contraxerit.
1890 1104 1932 1138 Si

182 1181 307 1209 autem
334 1175 476 1210 vermis
505 1185 617 1219 quam
643 1174 815 1206 maxime
843 1184 883 1207 se
912 1174 1108 1215 extendit,
1136 1174 1332 1207 stricturae
1358 1185 1510 1218 prorsus
1536 1177 1779 1208 evanescunt.
1824 1169 1933 1211 Quod

181 1239 231 1275 ad
262 1239 446 1273 fabricam
481 1239 618 1272 attinet
651 1249 818 1283 organon
854 1240 902 1274 de
937 1252 1008 1286 quo
1045 1240 1184 1285 agitur,
1220 1249 1240 1271 e
1279 1237 1424 1272 duobus
1458 1244 1606 1272 tantum
1634 1238 1754 1283 iisque
1791 1235 1933 1269 teneris

181 1307 308 1342 stratis
344 1310 595 1340 constructum
629 1304 792 1341 videtur.
855 1305 1027 1340 Alterum
1065 1315 1194 1339 eorum
1232 1315 1252 1337 e
1289 1304 1416 1337 tunica
1451 1310 1597 1339 constat
1624 1314 1793 1345 mucosa,
1839 1313 1933 1348 quae

183 1372 393 1417 complures
414 1377 618 1417 pertenues
646 1376 822 1416 angustas
848 1377 886 1404 et
911 1370 1141 1417 interruptas
1166 1369 1282 1403 efficit
1302 1369 1477 1404 valvulas
1506 1368 1688 1413 (Taum.
1714 1368 1794 1413 Fig.
1815 1366 1932 1411 11‚b.)

183 1437 342 1473 alterum
369 1449 463 1473 vero
492 1438 742 1484 compositum
772 1442 828 1470 est
857 1448 876 1470 e
898 1437 1040 1471 teneris
1074 1437 1174 1471 fibris
1204 1436 1495 1479 muscularibus,
1518 1447 1674 1482 quarum
1694 1436 1791 1469 aliae
1812 1441 1933 1469 trans-

181 1503 323 1538 versim
351 1510 437 1538 sunt
463 1505 570 1546 sitae,
597 1505 765 1549 reliquae
793 1514 907 1545 vere,
939 1514 1083 1549 eaeque
1110 1503 1317 1548 plin-imae,
1344 1512 1413 1546 per
1448 1502 1622 1536 intestini
1654 1501 1933 1546 longitudinem

184 1569 395 1603 decurrunt.
450 1569 647 1604 Glandulis
676 1575 802 1603 autem
830 1569 1050 1602 intestinum
1076 1569 1189 1614 plane
1218 1579 1344 1602 carere
1372 1566 1541 1603 videtur..

347 1636 526 1670 Intestini'
556 1646 689 1669 cavum
724 1635 765 1668 in
798 1634 1052 1679 compluribus
1078 1632 1255 1667 “Nereidis
1290 1634 1481 1678 exemplis
1513 1644 1673 1668 vacuum
1707 1635 1858 1676 inveni,
1896 1634 1933 1668 iu

183 1703 267 1737 aliis
294 1713 387 1739 vero
413 1699 613 1747 liquidiore
642 1705 680 1734 et
703 1711 755 1734 ex
782 1701 869 1735 albo
899 1701 1122 1736 virescentis
1149 1704 1213 1733 aut
1237 1699 1350 1733 lactei
1378 1698 1512 1732 coloris
1532 1699 1650 1743 pulte,
1678 1701 1817 1747 quippe
1835 1711 1930 1748 quae

182 1769 237 1803 nil
264 1768 341 1802 nisi
363 1768 445 1813 ipse
474 1767 628 1812 chymus
655 1765 869 1809 videretur,
896 1768 1096 1813 repletum.
1148 1765 1274 1800 Etiam
1311 1764 1507 1810 complura
1542 1764 1703 1800 dissecui
1738 1767 1931 1813 exempla,

184 1845 341 1882 quorum
368 1834 408 1867 in
433 1832 612 1866 intestino
641 1838 706 1867 aut
731 1833 980 1867 substantiam
1009 1833 1165 1878 argillae
1194 1832 1449 1873 simillimam,
1478 1837 1543 1865 aut
1569 1831 1737 1866 fucorum
1774 1832 1933 1866 frustula

186 1907 251 1935 aut
273 1900 424 1945 lapillos
450 1899 669 1941 nonnullos,
693 1900 782 1946 quin
810 1901 925 1934 etiam
952 1901 1115 1934 laterum
1142 1899 1302 1934 frustula
1318 1896 1569 1943 deprehendi„
1585 1896 1785 1946 Nunquam
1805 1904 1935 1932 autem>

185 1965 407 2000 animalium
433 1965 610 2012 reliquias
639 1966 680 2000 in
705 1977 749 2000 eo
776 1966 950 2001 invenire
982 1967 1102 2013 potui.

352 2030 528 2077 Organon
562 2031 677 2066 modo
711 2031 940 2079 descriptum
972 2033 1151 2079 singulari
1183 2031 1297 2068 mod'o
1327 2044 1412 2068 cum
1447 2038 1529 2068 cute
1566 2034 1718 2079 eiusque
1751 2031 1929 2067 musculis

187 2103 243 2133 est
266 2098 444 2132 iunctum.
496 2097 540 2131 In
567 2099 733 2144 corporis
758 2110 850 2135 cavo
880 2100 979 2134 enim
1007 2099 1053 2134 ab
1083 2105 1217 2136 octavo
1243 2111 1360 2147 usque
1389 2101 1438 2136 ad
1463 2101 1738 2147 paenultimum
1765 2099 1937 2145 corporis

186 2164 367 2199 annulum
393 2165 493 2199 inter
520 2165 629 2199 binos
651 2167 810 2200 annulos
837 2166 1119 2208 tenuissimum,
1149 2165 1514 2212 pellucidissimum,
1542 2165 1591 2200 ad
1618 2164 1935 2211 perpendiculum

185 2231 298 2266 situm
332 2236 445 2276 atque
474 2230 694 2266 adstrictum
720 2233 945 2267 observatur
980 2238 1128 2278 septum
1155 2232 1224 2268 vel'
1256 2233 1524 2279 diaphragma,
1557 2231 1656 2278 quod
1693 2232 1833 2266 canalis
1866 2232 1936 2266 ille·

187 2303 376 2344 permeat,
413 2296 588 2343 cuiusque
618 2299 789 2333 exterior
827 2309 955 2344 margo
992 2310 1074 2333 cum
1109 2305 1195 2334 cute
1227 2301 1380 2346 eiusque
1410 2299 1606 2340 musculis,
1648 2298 1812 2332 interior
1837 2308 1930 2333 vero

189 2374 273 2397 cum
297 2364 362 2398 illo
392 2364 475 2410 ipso
511 2362 634 2397 canali
667 2365 801 2399 intime
839 2365 1031 2408 cohaeret,
1056 2364 1170 2410 (Tabe
1193 2365 1237 2399 Il.
1263 2365 1344 2411 Fig.
1373 2368 1406 2406 7,
1436 2364 1483 2409 6.)
1511 2366 1568 2399 ita
1593 2370 1636 2398 ut
1661 2375 1827 2410 organon
1836 2390 1854 2407 x
1883 2364 1931 2398 de

189 2440 261 2476 quo
286 2429 416 2473 agitur,
443 2439 580 2474 magno
606 2429 896 2475 ligamentorum
925 2442 1082 2466 numero
1110 2431 1159 2466 sit
1177 2441 1400 2477 suspensum
1429 2436 1467 2464 et
1491 2431 1691 2465 firmatum.
1747 2429 1855 2473 Quod
1882 2430 1932 2465 ad

190 2501 385 2542 septorum
407 2495 590 2531 fabricam
618 2496 774 2541 attinet,
832 2497 967 2535 uodvis
1000 2508 1129 2533 earum
1165 2497 1409 2533 nium-anae
1437 2508 1595 2533 serosae*
1620 2497 1739 2532 hahet
1766 2496 1933 2543 speciem
