<?xml version="1.0" encoding="UTF-8"?>
<!DOCTYPE html PUBLIC "-//W3C//DTD XHTML 1.0 Transitional//EN"
    "http://www.w3.org/TR/xhtml1/DTD/xhtml1-transitional.dtd">
<html xmlns="http://www.w3.org/1999/xhtml" xml:lang="en" lang="en">
 <head>
  <title>
</title>
<meta http-equiv="Content-Type" content="text/html;charset=utf-8" />
  <meta name='ocr-system' content='tesseract 3.04.00' />
  <meta name='ocr-capabilities' content='ocr_page ocr_carea ocr_par ocr_line ocrx_word'/>
</head>
<body>
  <div class='ocr_page' id='page_1' title='image "./henricirathkedeb00rath_0009.png"; bbox 0 0 2150 2904; ppageno 0'>
   <div class='ocr_carea' id='block_1_1' title="bbox 1055 248 1075 280">
    <p class='ocr_par' dir='ltr' id='par_1_1' title="bbox 1055 248 1075 280">
     <span class='ocr_line' id='line_1_1' title="bbox 1055 248 1075 280; baseline 0 0"><span class='ocrx_word' id='word_1_1' title='bbox 1055 248 1075 280; x_wconf 91' lang='lat'>5</span> 
     </span>
    </p>
   </div>
   <div class='ocr_carea' id='block_1_2' title="bbox 965 299 1165 306">
    <p class='ocr_par' dir='ltr' id='par_1_2' title="bbox 965 299 1165 306">
     <span class='ocr_line' id='line_1_2' title="bbox 965 299 1165 306; baseline 0 2598"><span class='ocrx_word' id='word_1_2' title='bbox 965 299 1165 306; x_wconf 95' lang='lat' dir='ltr'> </span> 
     </span>
    </p>
   </div>
   <div class='ocr_carea' id='block_1_3' title="bbox 190 331 1985 2334">
    <p class='ocr_par' dir='ltr' id='par_1_3' title="bbox 190 331 1985 1132">
     <span class='ocr_line' id='line_1_3' title="bbox 195 331 1985 397; baseline 0.002 -12"><span class='ocrx_word' id='word_1_3' title='bbox 195 353 470 386; x_wconf 87' lang='lat' dir='ltr'>crustaceorum</span> <span class='ocrx_word' id='word_1_4' title='bbox 499 345 601 381; x_wconf 88' lang='lat' dir='ltr'>labio</span> <span class='ocrx_word' id='word_1_5' title='bbox 629 346 831 393; x_wconf 82' lang='lat' dir='ltr'>posteriori</span> <span class='ocrx_word' id='word_1_6' title='bbox 857 347 1076 394; x_wconf 83' lang='lat' dir='ltr'>respondet.</span> <span class='ocrx_word' id='word_1_7' title='bbox 1120 346 1228 394; x_wconf 87' lang='lat' dir='ltr'>(Tab.</span> <span class='ocrx_word' id='word_1_8' title='bbox 1258 351 1290 383; x_wconf 86' lang='lat'>1.</span> <span class='ocrx_word' id='word_1_9' title='bbox 1315 346 1397 395; x_wconf 85' lang='lat' dir='ltr'>Fig.</span> <span class='ocrx_word' id='word_1_10' title='bbox 1425 352 1460 392; x_wconf 90' lang='lat'>6,</span> <span class='ocrx_word' id='word_1_11' title='bbox 1487 347 1533 396; x_wconf 82' lang='lat' dir='ltr'>c.)</span> <span class='ocrx_word' id='word_1_12' title='bbox 1574 348 1795 397; x_wconf 74' lang='lat' dir='ltr'>simplicem</span> <span class='ocrx_word' id='word_1_13' title='bbox 1821 351 1938 388; x_wconf 86' lang='lat' dir='ltr'>habet</span> <span class='ocrx_word' id='word_1_14' title='bbox 1981 331 1985 339; x_wconf 35' lang='lat'>⁵</span> 
     </span>
     <span class='ocr_line' id='line_1_4' title="bbox 192 412 1937 462; baseline 0.001 -11"><span class='ocrx_word' id='word_1_15' title='bbox 192 416 373 457; x_wconf 86' lang='lat' dir='ltr'>formam,</span> <span class='ocrx_word' id='word_1_16' title='bbox 402 413 496 448; x_wconf 86' lang='lat' dir='ltr'>disci</span> <span class='ocrx_word' id='word_1_17' title='bbox 523 413 604 448; x_wconf 87' lang='lat' dir='ltr'>fere</span> <span class='ocrx_word' id='word_1_18' title='bbox 632 412 833 448; x_wconf 84' lang='lat' dir='ltr'>dimidiam</span> <span class='ocrx_word' id='word_1_19' title='bbox 860 414 977 449; x_wconf 85' lang='lat' dir='ltr'><strong>refert</strong></span> <span class='ocrx_word' id='word_1_20' title='bbox 1000 420 1172 462; x_wconf 85' lang='lat' dir='ltr'>partem,</span> <span class='ocrx_word' id='word_1_21' title='bbox 1208 415 1378 462; x_wconf 82' lang='lat' dir='ltr'>margine</span> <span class='ocrx_word' id='word_1_22' title='bbox 1405 423 1558 452; x_wconf 86' lang='lat' dir='ltr'>arcuato</span> <span class='ocrx_word' id='word_1_23' title='bbox 1586 418 1779 452; x_wconf 81' lang='lat' dir='ltr'>anteriora</span> <span class='ocrx_word' id='word_1_24' title='bbox 1805 428 1937 453; x_wconf 76' lang='lat' dir='ltr'>versus</span> 
     </span>
     <span class='ocr_line' id='line_1_5' title="bbox 193 480 1939 532; baseline 0 -13"><span class='ocrx_word' id='word_1_25' title='bbox 193 488 351 531; x_wconf 85' lang='lat' dir='ltr'>spectat,</span> <span class='ocrx_word' id='word_1_26' title='bbox 379 486 417 516; x_wconf 89' lang='lat' dir='ltr'>et</span> <span class='ocrx_word' id='word_1_27' title='bbox 445 492 498 524; x_wconf 91' lang='lat' dir='ltr'>os,</span> <span class='ocrx_word' id='word_1_28' title='bbox 527 480 627 526; x_wconf 86' lang='lat' dir='ltr'>quod</span> <span class='ocrx_word' id='word_1_29' title='bbox 653 491 886 527; x_wconf 85' lang='lat' dir='ltr'>perparvum</span> <span class='ocrx_word' id='word_1_30' title='bbox 915 487 953 516; x_wconf 91' lang='lat' dir='ltr'>et</span> <span class='ocrx_word' id='word_1_31' title='bbox 979 481 1184 517; x_wconf 87' lang='lat' dir='ltr'>rotundum</span> <span class='ocrx_word' id='word_1_32' title='bbox 1213 482 1374 517; x_wconf 79' lang='lat' dir='ltr'>exhibet</span> <span class='ocrx_word' id='word_1_33' title='bbox 1399 483 1584 527; x_wconf 85' lang='lat' dir='ltr'>foramen,</span> <span class='ocrx_word' id='word_1_34' title='bbox 1600 486 1764 532; x_wconf 82' lang='lat' dir='ltr'>contegit</span> <span class='ocrx_word' id='word_1_35' title='bbox 1788 490 1826 519; x_wconf 88' lang='lat' dir='ltr'>et</span> <span class='ocrx_word' id='word_1_36' title='bbox 1841 485 1939 519; x_wconf 87' lang='lat' dir='ltr'>clau·</span> 
     </span>
     <span class='ocr_line' id='line_1_6' title="bbox 193 547 1938 598; baseline -0.001 -13"><span class='ocrx_word' id='word_1_37' title='bbox 193 550 260 585; x_wconf 87' lang='lat' dir='ltr'>dit.</span> <span class='ocrx_word' id='word_1_38' title='bbox 312 548 493 583; x_wconf 87' lang='lat' dir='ltr'>Anterior</span> <span class='ocrx_word' id='word_1_39' title='bbox 519 547 600 581; x_wconf 86' lang='lat' dir='ltr'>eius</span> <span class='ocrx_word' id='word_1_40' title='bbox 628 558 757 593; x_wconf 78' lang='lat' dir='ltr'>margo</span> <span class='ocrx_word' id='word_1_41' title='bbox 791 548 969 583; x_wconf 81' lang='lat' dir='ltr'>acutioris</span> <span class='ocrx_word' id='word_1_42' title='bbox 996 548 1092 583; x_wconf 85' lang='lat' dir='ltr'>aciei</span> <span class='ocrx_word' id='word_1_43' title='bbox 1126 551 1293 596; x_wconf 88' lang='lat' dir='ltr'>speciem</span> <span class='ocrx_word' id='word_1_44' title='bbox 1327 549 1549 594; x_wconf 79' lang='lat' dir='ltr'>adumbrat,</span> <span class='ocrx_word' id='word_1_45' title='bbox 1589 552 1778 598; x_wconf 78' lang='lat' dir='ltr'>posterior</span> <span class='ocrx_word' id='word_1_46' title='bbox 1812 556 1938 586; x_wconf 87' lang='lat' dir='ltr'>autem</span> 
     </span>
     <span class='ocr_line' id='line_1_7' title="bbox 191 613 1937 664; baseline 0 -12"><span class='ocrx_word' id='word_1_47' title='bbox 191 617 258 652; x_wconf 91' lang='lat' dir='ltr'>illo</span> <span class='ocrx_word' id='word_1_48' title='bbox 285 616 403 651; x_wconf 91' lang='lat' dir='ltr'>multo</span> <span class='ocrx_word' id='word_1_49' title='bbox 432 620 490 649; x_wconf 89' lang='lat' dir='ltr'>est</span> <span class='ocrx_word' id='word_1_50' title='bbox 516 615 684 649; x_wconf 81' lang='lat' dir='ltr'>crassior.</span> <span class='ocrx_word' id='word_1_51' title='bbox 740 613 850 657; x_wconf 77' lang='lat' dir='ltr'>Quod</span> <span class='ocrx_word' id='word_1_52' title='bbox 878 615 927 650; x_wconf 89' lang='lat' dir='ltr'>ad</span> <span class='ocrx_word' id='word_1_53' title='bbox 954 621 1151 651; x_wconf 82' lang='lat' dir='ltr'>texturam</span> <span class='ocrx_word' id='word_1_54' title='bbox 1180 617 1336 660; x_wconf 83' lang='lat' dir='ltr'>attinet,</span> <span class='ocrx_word' id='word_1_55' title='bbox 1372 617 1515 652; x_wconf 86' lang='lat' dir='ltr'>labium</span> <span class='ocrx_word' id='word_1_56' title='bbox 1551 619 1763 652; x_wconf 80' lang='lat' dir='ltr'>maximam</span> <span class='ocrx_word' id='word_1_57' title='bbox 1790 624 1937 664; x_wconf 88' lang='lat' dir='ltr'>partem</span> 
     </span>
     <span class='ocr_line' id='line_1_8' title="bbox 193 682 1942 732; baseline -0.001 -13"><span class='ocrx_word' id='word_1_58' title='bbox 193 696 214 719; x_wconf 87' lang='lat' dir='ltr'>e</span> <span class='ocrx_word' id='word_1_59' title='bbox 241 683 414 719; x_wconf 86' lang='lat' dir='ltr'>molliore</span> <span class='ocrx_word' id='word_1_60' title='bbox 443 687 527 716; x_wconf 87' lang='lat' dir='ltr'>cute</span> <span class='ocrx_word' id='word_1_61' title='bbox 554 688 809 717; x_wconf 82' lang='lat' dir='ltr'>constructum</span> <span class='ocrx_word' id='word_1_62' title='bbox 838 688 907 725; x_wconf 86' lang='lat' dir='ltr'>est,</span> <span class='ocrx_word' id='word_1_63' title='bbox 935 683 975 718; x_wconf 87' lang='lat' dir='ltr'>in</span> <span class='ocrx_word' id='word_1_64' title='bbox 1002 682 1131 717; x_wconf 85' lang='lat' dir='ltr'>media</span> <span class='ocrx_word' id='word_1_65' title='bbox 1155 688 1281 717; x_wconf 90' lang='lat' dir='ltr'>autem</span> <span class='ocrx_word' id='word_1_66' title='bbox 1312 685 1395 720; x_wconf 85' lang='lat' dir='ltr'>eius</span> <span class='ocrx_word' id='word_1_67' title='bbox 1420 690 1529 731; x_wconf 81' lang='lat' dir='ltr'>parte</span> <span class='ocrx_word' id='word_1_68' title='bbox 1559 685 1778 732; x_wconf 82' lang='lat' dir='ltr'>epidermis,</span> <span class='ocrx_word' id='word_1_69' title='bbox 1807 684 1862 730; x_wconf 86' lang='lat' dir='ltr'>[id</span> <span class='ocrx_word' id='word_1_70' title='bbox 1885 689 1942 718; x_wconf 88' lang='lat' dir='ltr'>est</span> 
     </span>
     <span class='ocr_line' id='line_1_9' title="bbox 191 741 1942 797; baseline -0.001 -11"><span class='ocrx_word' id='word_1_71' title='bbox 191 750 286 786; x_wconf 90' lang='lat' dir='ltr'>illud</span> <span class='ocrx_word' id='word_1_72' title='bbox 312 750 584 792; x_wconf 86' lang='lat' dir='ltr'>velamentum,</span> <span class='ocrx_word' id='word_1_73' title='bbox 613 760 686 796; x_wconf 88' lang='lat' dir='ltr'>quo</span> <span class='ocrx_word' id='word_1_74' title='bbox 713 749 892 792; x_wconf 85' lang='lat' dir='ltr'>inferior,</span> <span class='ocrx_word' id='word_1_75' title='bbox 915 749 1008 783; x_wconf 86' lang='lat' dir='ltr'>labii</span> <span class='ocrx_word' id='word_1_76' title='bbox 1035 749 1151 784; x_wconf 85' lang='lat' dir='ltr'>facies</span> <span class='ocrx_word' id='word_1_77' title='bbox 1173 741 1396 797; x_wconf 79' lang='lat' dir='ltr'>obducitur]</span> <span class='ocrx_word' id='word_1_78' title='bbox 1424 751 1629 787; x_wconf 80' lang='lat' dir='ltr'>admodum</span> <span class='ocrx_word' id='word_1_79' title='bbox 1667 758 1724 787; x_wconf 86' lang='lat' dir='ltr'>est</span> <span class='ocrx_word' id='word_1_80' title='bbox 1751 762 1876 786; x_wconf 84' lang='lat' dir='ltr'>crassa</span> <span class='ocrx_word' id='word_1_81' title='bbox 1903 756 1942 785; x_wconf 86' lang='lat' dir='ltr'>et</span> 
     </span>
     <span class='ocr_line' id='line_1_10' title="bbox 194 815 1941 865; baseline -0.001 -12"><span class='ocrx_word' id='word_1_82' title='bbox 194 818 332 860; x_wconf 89' lang='lat' dir='ltr'>densa,</span> <span class='ocrx_word' id='word_1_83' title='bbox 358 816 487 863; x_wconf 80' lang='lat' dir='ltr'>ibique</span> <span class='ocrx_word' id='word_1_84' title='bbox 515 815 684 851; x_wconf 83' lang='lat' dir='ltr'>tabulam</span> <span class='ocrx_word' id='word_1_85' title='bbox 709 817 903 851; x_wconf 86' lang='lat' dir='ltr'>constituit</span> <span class='ocrx_word' id='word_1_86' title='bbox 927 816 1029 851; x_wconf 89' lang='lat' dir='ltr'>haud</span> <span class='ocrx_word' id='word_1_87' title='bbox 1056 817 1112 852; x_wconf 87' lang='lat' dir='ltr'>ita</span> <span class='ocrx_word' id='word_1_88' title='bbox 1140 823 1314 862; x_wconf 83' lang='lat' dir='ltr'>tenuem,</span> <span class='ocrx_word' id='word_1_89' title='bbox 1349 818 1586 862; x_wconf 84' lang='lat' dir='ltr'>subovatam,</span> <span class='ocrx_word' id='word_1_90' title='bbox 1624 818 1941 865; x_wconf 80' lang='lat' dir='ltr'>quinquangulam</span> 
     </span>
     <span class='ocr_line' id='line_1_11' title="bbox 190 873 1943 932; baseline -0.001 -14"><span class='ocrx_word' id='word_1_91' title='bbox 190 883 285 926; x_wconf 83' lang='lat' dir='ltr'>fere,</span> <span class='ocrx_word' id='word_1_92' title='bbox 313 889 352 918; x_wconf 92' lang='lat' dir='ltr'>et</span> <span class='ocrx_word' id='word_1_93' title='bbox 381 888 469 917; x_wconf 85' lang='lat' dir='ltr'>ante</span> <span class='ocrx_word' id='word_1_94' title='bbox 496 883 537 917; x_wconf 87' lang='lat' dir='ltr'>in</span> <span class='ocrx_word' id='word_1_95' title='bbox 565 873 712 930; x_wconf 80' lang='lat' dir='ltr'>apicem</span> <span class='ocrx_word' id='word_1_96' title='bbox 741 883 962 918; x_wconf 82' lang='lat' dir='ltr'>subacutum</span> <span class='ocrx_word' id='word_1_97' title='bbox 991 895 1035 918; x_wconf 91' lang='lat' dir='ltr'>eo</span> <span class='ocrx_word' id='word_1_98' title='bbox 1063 896 1180 932; x_wconf 87' lang='lat' dir='ltr'>usque</span> <span class='ocrx_word' id='word_1_99' title='bbox 1206 885 1445 932; x_wconf 86' lang='lat' dir='ltr'>productam,</span> <span class='ocrx_word' id='word_1_100' title='bbox 1472 891 1514 920; x_wconf 90' lang='lat' dir='ltr'>ut</span> <span class='ocrx_word' id='word_1_101' title='bbox 1532 886 1580 920; x_wconf 85' lang='lat' dir='ltr'>ad</span> <span class='ocrx_word' id='word_1_102' title='bbox 1602 886 1831 920; x_wconf 82' lang='lat' dir='ltr'>anteriorem</span> <span class='ocrx_word' id='word_1_103' title='bbox 1848 884 1943 918; x_wconf 86' lang='lat' dir='ltr'>labii</span> 
     </span>
     <span class='ocr_line' id='line_1_12' title="bbox 192 948 1942 998; baseline 0 -14"><span class='ocrx_word' id='word_1_104' title='bbox 192 951 402 997; x_wconf 84' lang='lat' dir='ltr'>marginem</span> <span class='ocrx_word' id='word_1_105' title='bbox 425 950 630 997; x_wconf 73' lang='lat' dir='ltr'>pertineat.</span> <span class='ocrx_word' id='word_1_106' title='bbox 663 948 725 984; x_wconf 88' lang='lat' dir='ltr'>Ad</span> <span class='ocrx_word' id='word_1_107' title='bbox 744 950 867 984; x_wconf 85' lang='lat' dir='ltr'>latera</span> <span class='ocrx_word' id='word_1_108' title='bbox 887 957 1014 985; x_wconf 87' lang='lat' dir='ltr'>autem</span> <span class='ocrx_word' id='word_1_109' title='bbox 1041 951 1250 998; x_wconf 84' lang='lat' dir='ltr'>epidermis</span> <span class='ocrx_word' id='word_1_110' title='bbox 1275 953 1370 988; x_wconf 85' lang='lat' dir='ltr'>duas</span> <span class='ocrx_word' id='word_1_111' title='bbox 1387 954 1444 989; x_wconf 85' lang='lat' dir='ltr'>illi</span> <span class='ocrx_word' id='word_1_112' title='bbox 1466 953 1610 988; x_wconf 83' lang='lat' dir='ltr'>similes</span> <span class='ocrx_word' id='word_1_113' title='bbox 1628 951 1795 998; x_wconf 85' lang='lat' dir='ltr'>quidem,</span> <span class='ocrx_word' id='word_1_114' title='bbox 1822 950 1942 985; x_wconf 90' lang='lat' dir='ltr'>multo</span> 
     </span>
     <span class='ocr_line' id='line_1_13' title="bbox 192 1017 1944 1065; baseline -0.001 -13"><span class='ocrx_word' id='word_1_115' title='bbox 192 1018 427 1064; x_wconf 83' lang='lat' dir='ltr'>angustiores</span> <span class='ocrx_word' id='word_1_116' title='bbox 453 1023 583 1052; x_wconf 89' lang='lat' dir='ltr'>tamen</span> <span class='ocrx_word' id='word_1_117' title='bbox 611 1017 805 1052; x_wconf 84' lang='lat' dir='ltr'>constituit</span> <span class='ocrx_word' id='word_1_118' title='bbox 829 1017 976 1053; x_wconf 87' lang='lat' dir='ltr'>tabulas</span> <span class='ocrx_word' id='word_1_119' title='bbox 1006 1029 1103 1064; x_wconf 80' lang='lat' dir='ltr'>quae</span> <span class='ocrx_word' id='word_1_120' title='bbox 1129 1031 1214 1055; x_wconf 88' lang='lat' dir='ltr'>cum</span> <span class='ocrx_word' id='word_1_121' title='bbox 1242 1021 1433 1056; x_wconf 82' lang='lat' dir='ltr'>anteri-ore</span> <span class='ocrx_word' id='word_1_122' title='bbox 1469 1021 1553 1055; x_wconf 83' lang='lat' dir='ltr'>eius</span> <span class='ocrx_word' id='word_1_123' title='bbox 1585 1024 1694 1065; x_wconf 86' lang='lat' dir='ltr'>parte</span> <span class='ocrx_word' id='word_1_124' title='bbox 1728 1018 1944 1058; x_wconf 82' lang='lat' dir='ltr'>cohaerent,</span> 
     </span>
     <span class='ocr_line' id='line_1_14' title="bbox 198 1084 734 1132; baseline 0 -13"><span class='ocrx_word' id='word_1_125' title='bbox 198 1095 356 1132; x_wconf 86' lang='lat' dir='ltr'>eamque</span> <span class='ocrx_word' id='word_1_126' title='bbox 382 1085 514 1120; x_wconf 88' lang='lat' dir='ltr'>fulcire</span> <span class='ocrx_word' id='word_1_127' title='bbox 540 1084 734 1121; x_wconf 83' lang='lat' dir='ltr'>videntur.</span> 
     </span>
    </p>

    <p class='ocr_par' dir='ltr' id='par_1_4' title="bbox 190 1148 1946 1385">
     <span class='ocr_line' id='line_1_15' title="bbox 357 1148 1945 1197; baseline -0.002 -12"><span class='ocrx_word' id='word_1_128' title='bbox 357 1150 490 1195; x_wconf 88' lang='lat' dir='ltr'>Neque</span> <span class='ocrx_word' id='word_1_129' title='bbox 516 1149 782 1188; x_wconf 77' lang='lat' dir='ltr'>maxillarum,</span> <span class='ocrx_word' id='word_1_130' title='bbox 811 1159 933 1193; x_wconf 86' lang='lat' dir='ltr'>neque</span> <span class='ocrx_word' id='word_1_131' title='bbox 958 1150 1262 1185; x_wconf 86' lang='lat' dir='ltr'>mandibularum</span> <span class='ocrx_word' id='word_1_132' title='bbox 1290 1153 1408 1186; x_wconf 86' lang='lat' dir='ltr'>ullum</span> <span class='ocrx_word' id='word_1_133' title='bbox 1436 1153 1642 1197; x_wconf 81' lang='lat' dir='ltr'>vestigium</span> <span class='ocrx_word' id='word_1_134' title='bbox 1668 1155 1808 1183; x_wconf 86' lang='lat' dir='ltr'>exstat.</span> <span class='ocrx_word' id='word_1_135' title='bbox 1843 1148 1945 1183; x_wconf 89' lang='lat' dir='ltr'>Non-</span> 
     </span>
     <span class='ocr_line' id='line_1_16' title="bbox 192 1211 1944 1262; baseline -0.002 -11"><span class='ocrx_word' id='word_1_136' title='bbox 192 1216 287 1251; x_wconf 89' lang='lat' dir='ltr'>nulli</span> <span class='ocrx_word' id='word_1_137' title='bbox 325 1214 477 1262; x_wconf 89' lang='lat' dir='ltr'>quidem</span> <span class='ocrx_word' id='word_1_138' title='bbox 507 1211 812 1248; x_wconf 84' lang='lat' dir='ltr'>manducationis</span> <span class='ocrx_word' id='word_1_139' title='bbox 848 1224 987 1259; x_wconf 80' lang='lat' dir='ltr'>organa</span> <span class='ocrx_word' id='word_1_140' title='bbox 1015 1225 1056 1249; x_wconf 86' lang='lat' dir='ltr'>se</span> <span class='ocrx_word' id='word_1_141' title='bbox 1091 1215 1236 1251; x_wconf 85' lang='lat' dir='ltr'>vidisse</span> <span class='ocrx_word' id='word_1_142' title='bbox 1273 1217 1561 1259; x_wconf 86' lang='lat' dir='ltr'>contenderunt,</span> <span class='ocrx_word' id='word_1_143' title='bbox 1581 1216 1617 1260; x_wconf 85' lang='lat'>*)</span> <span class='ocrx_word' id='word_1_144' title='bbox 1653 1220 1781 1262; x_wconf 84' lang='lat' dir='ltr'>partes</span> <span class='ocrx_word' id='word_1_145' title='bbox 1803 1219 1944 1255; x_wconf 80' lang='lat' dir='ltr'>tamen,</span> 
     </span>
     <span class='ocr_line' id='line_1_17' title="bbox 192 1278 1946 1331; baseline -0.003 -13"><span class='ocrx_word' id='word_1_146' title='bbox 192 1294 285 1331; x_wconf 89' lang='lat' dir='ltr'>quas</span> <span class='ocrx_word' id='word_1_147' title='bbox 317 1293 388 1329; x_wconf 88' lang='lat' dir='ltr'>pro</span> <span class='ocrx_word' id='word_1_148' title='bbox 428 1281 475 1316; x_wconf 88' lang='lat' dir='ltr'>iis</span> <span class='ocrx_word' id='word_1_149' title='bbox 511 1280 744 1322; x_wconf 87' lang='lat' dir='ltr'>habuerunt,</span> <span class='ocrx_word' id='word_1_150' title='bbox 790 1281 1014 1328; x_wconf 87' lang='lat' dir='ltr'>neutiquam</span> <span class='ocrx_word' id='word_1_151' title='bbox 1051 1283 1362 1326; x_wconf 85' lang='lat' dir='ltr'>manducationi,</span> <span class='ocrx_word' id='word_1_152' title='bbox 1411 1283 1479 1319; x_wconf 88' lang='lat' dir='ltr'>sed</span> <span class='ocrx_word' id='word_1_153' title='bbox 1518 1284 1629 1329; x_wconf 80' lang='lat' dir='ltr'>longe</span> <span class='ocrx_word' id='word_1_154' title='bbox 1666 1281 1733 1316; x_wconf 86' lang='lat' dir='ltr'>alii</span> <span class='ocrx_word' id='word_1_155' title='bbox 1762 1278 1946 1315; x_wconf 82' lang='lat' dir='ltr'>functioni</span> 
     </span>
     <span class='ocr_line' id='line_1_18' title="bbox 190 1349 415 1385; baseline -0.009 0"><span class='ocrx_word' id='word_1_156' title='bbox 190 1349 415 1385; x_wconf 84' lang='lat' dir='ltr'>inserviunt.</span> 
     </span>
    </p>

    <p class='ocr_par' dir='ltr' id='par_1_5' title="bbox 193 1415 1946 1530">
     <span class='ocr_line' id='line_1_19' title="bbox 356 1415 1946 1464; baseline -0.001 -15"><span class='ocrx_word' id='word_1_157' title='bbox 356 1415 485 1451; x_wconf 84' lang='lat' dir='ltr'>Etiam</span> <span class='ocrx_word' id='word_1_158' title='bbox 513 1417 630 1451; x_wconf 85' lang='lat' dir='ltr'>oculis</span> <span class='ocrx_word' id='word_1_159' title='bbox 658 1415 824 1451; x_wconf 86' lang='lat' dir='ltr'>adultior</span> <span class='ocrx_word' id='word_1_160' title='bbox 850 1416 997 1452; x_wconf 84' lang='lat' dir='ltr'>femina</span> <span class='ocrx_word' id='word_1_161' title='bbox 1025 1418 1179 1453; x_wconf 85' lang='lat' dir='ltr'>omnino</span> <span class='ocrx_word' id='word_1_162' title='bbox 1208 1422 1330 1460; x_wconf 88' lang='lat' dir='ltr'>caret,</span> <span class='ocrx_word' id='word_1_163' title='bbox 1367 1427 1595 1464; x_wconf 83' lang='lat' dir='ltr'>quamquam</span> <span class='ocrx_word' id='word_1_164' title='bbox 1623 1416 1747 1463; x_wconf 87' lang='lat' dir='ltr'>pullus</span> <span class='ocrx_word' id='word_1_165' title='bbox 1774 1425 1863 1450; x_wconf 85' lang='lat' dir='ltr'>mea</span> <span class='ocrx_word' id='word_1_166' title='bbox 1893 1423 1946 1448; x_wconf 79' lang='lat' dir='ltr'>ex</span> 
     </span>
     <span class='ocr_line' id='line_1_20' title="bbox 193 1483 1382 1530; baseline 0 -11"><span class='ocrx_word' id='word_1_167' title='bbox 193 1484 462 1521; x_wconf 82' lang='lat' dir='ltr'>observatione</span> <span class='ocrx_word' id='word_1_168' title='bbox 487 1483 536 1517; x_wconf 94' lang='lat' dir='ltr'>iis</span> <span class='ocrx_word' id='word_1_169' title='bbox 562 1491 665 1518; x_wconf 89' lang='lat' dir='ltr'>certo</span> <span class='ocrx_word' id='word_1_170' title='bbox 694 1483 832 1517; x_wconf 85' lang='lat' dir='ltr'>certius</span> <span class='ocrx_word' id='word_1_171' title='bbox 866 1490 924 1518; x_wconf 85' lang='lat' dir='ltr'>est</span> <span class='ocrx_word' id='word_1_172' title='bbox 950 1484 1159 1529; x_wconf 87' lang='lat' dir='ltr'>praeditus.</span> <span class='ocrx_word' id='word_1_173' title='bbox 1208 1483 1382 1530; x_wconf 52' lang='lat' dir='ltr'>(Fig491.)</span> 
     </span>
    </p>

    <p class='ocr_par' dir='ltr' id='par_1_6' title="bbox 192 1546 1947 2334">
     <span class='ocr_line' id='line_1_21' title="bbox 357 1546 1946 1596; baseline -0.001 -12"><span class='ocrx_word' id='word_1_174' title='bbox 357 1549 621 1596; x_wconf 80' lang='lat' dir='ltr'>Unusquisque</span> <span class='ocrx_word' id='word_1_175' title='bbox 657 1546 779 1582; x_wconf 87' lang='lat' dir='ltr'>trunci</span> <span class='ocrx_word' id='word_1_176' title='bbox 809 1550 973 1584; x_wconf 85' lang='lat' dir='ltr'>annulus</span> <span class='ocrx_word' id='word_1_177' title='bbox 1000 1550 1146 1585; x_wconf 90' lang='lat' dir='ltr'>duobus</span> <span class='ocrx_word' id='word_1_178' title='bbox 1172 1549 1334 1595; x_wconf 88' lang='lat' dir='ltr'>pedibus</span> <span class='ocrx_word' id='word_1_179' title='bbox 1366 1550 1572 1585; x_wconf 85' lang='lat' dir='ltr'>instructus</span> <span class='ocrx_word' id='word_1_180' title='bbox 1600 1555 1674 1593; x_wconf 85' lang='lat' dir='ltr'>est,</span> <span class='ocrx_word' id='word_1_181' title='bbox 1713 1551 1775 1596; x_wconf 86' lang='lat' dir='ltr'>qui</span> <span class='ocrx_word' id='word_1_182' title='bbox 1803 1550 1835 1583; x_wconf 86' lang='lat' dir='ltr'>si</span> <span class='ocrx_word' id='word_1_183' title='bbox 1862 1559 1946 1583; x_wconf 86' lang='lat' dir='ltr'>cum</span> 
     </span>
     <span class='ocr_line' id='line_1_22' title="bbox 192 1614 1946 1664; baseline -0.002 -12"><span class='ocrx_word' id='word_1_184' title='bbox 192 1618 277 1664; x_wconf 81' lang='lat' dir='ltr'>ipso</span> <span class='ocrx_word' id='word_1_185' title='bbox 301 1617 440 1650; x_wconf 90' lang='lat' dir='ltr'>annulo</span> <span class='ocrx_word' id='word_1_186' title='bbox 469 1620 749 1662; x_wconf 79' lang='lat' dir='ltr'>comparentur,</span> <span class='ocrx_word' id='word_1_187' title='bbox 784 1616 967 1661; x_wconf 83' lang='lat' dir='ltr'>perparvi</span> <span class='ocrx_word' id='word_1_188' title='bbox 994 1615 1190 1658; x_wconf 81' lang='lat' dir='ltr'>videntur,</span> <span class='ocrx_word' id='word_1_189' title='bbox 1217 1621 1330 1661; x_wconf 83' lang='lat' dir='ltr'>atque</span> <span class='ocrx_word' id='word_1_190' title='bbox 1358 1614 1427 1649; x_wconf 85' lang='lat' dir='ltr'>hac</span> <span class='ocrx_word' id='word_1_191' title='bbox 1457 1626 1510 1649; x_wconf 84' lang='lat' dir='ltr'>ex</span> <span class='ocrx_word' id='word_1_192' title='bbox 1538 1626 1669 1658; x_wconf 83' lang='lat' dir='ltr'>causa,</span> <span class='ocrx_word' id='word_1_193' title='bbox 1711 1614 1811 1662; x_wconf 85' lang='lat' dir='ltr'>quod</span> <span class='ocrx_word' id='word_1_194' title='bbox 1835 1615 1946 1648; x_wconf 87' lang='lat' dir='ltr'>iuxta</span> 
     </span>
     <span class='ocr_line' id='line_1_23' title="bbox 193 1680 1945 1728; baseline -0.004 -8"><span class='ocrx_word' id='word_1_195' title='bbox 193 1684 369 1720; x_wconf 86' lang='lat' dir='ltr'>laterales</span> <span class='ocrx_word' id='word_1_196' title='bbox 398 1681 529 1717; x_wconf 85' lang='lat' dir='ltr'>annuli</span> <span class='ocrx_word' id='word_1_197' title='bbox 556 1681 746 1727; x_wconf 82' lang='lat' dir='ltr'>margines</span> <span class='ocrx_word' id='word_1_198' title='bbox 774 1687 861 1715; x_wconf 87' lang='lat' dir='ltr'>sunt</span> <span class='ocrx_word' id='word_1_199' title='bbox 888 1682 1017 1725; x_wconf 86' lang='lat' dir='ltr'>affixi,</span> <span class='ocrx_word' id='word_1_200' title='bbox 1053 1683 1212 1717; x_wconf 84' lang='lat' dir='ltr'>multum</span> <span class='ocrx_word' id='word_1_201' title='bbox 1239 1683 1340 1717; x_wconf 83' lang='lat' dir='ltr'>inter</span> <span class='ocrx_word' id='word_1_202' title='bbox 1374 1694 1416 1717; x_wconf 81' lang='lat' dir='ltr'>se</span> <span class='ocrx_word' id='word_1_203' title='bbox 1443 1682 1596 1718; x_wconf 81' lang='lat' dir='ltr'>distant.</span> <span class='ocrx_word' id='word_1_204' title='bbox 1630 1681 1738 1728; x_wconf 85' lang='lat' dir='ltr'>(Tab.</span> <span class='ocrx_word' id='word_1_205' title='bbox 1765 1680 1792 1715; x_wconf 93' lang='lat' dir='ltr'>I.</span> <span class='ocrx_word' id='word_1_206' title='bbox 1819 1680 1899 1726; x_wconf 80' lang='lat' dir='ltr'>Fig.</span> <span class='ocrx_word' id='word_1_207' title='bbox 1925 1682 1945 1713; x_wconf 77' lang='lat'><strong>5</strong></span> 
     </span>
     <span class='ocr_line' id='line_1_24' title="bbox 195 1747 1946 1796; baseline -0.003 -9"><span class='ocrx_word' id='word_1_208' title='bbox 195 1758 234 1787; x_wconf 86' lang='lat' dir='ltr'>et</span> <span class='ocrx_word' id='word_1_209' title='bbox 262 1751 310 1795; x_wconf 87' lang='grc'>7.)</span> <span class='ocrx_word' id='word_1_210' title='bbox 338 1749 504 1796; x_wconf 80' lang='lat' dir='ltr'>Uterque</span> <span class='ocrx_word' id='word_1_211' title='bbox 530 1760 550 1783; x_wconf 91' lang='lat' dir='ltr'>e</span> <span class='ocrx_word' id='word_1_212' title='bbox 578 1754 740 1796; x_wconf 87' lang='lat' dir='ltr'>quatuor</span> <span class='ocrx_word' id='word_1_213' title='bbox 767 1754 914 1783; x_wconf 88' lang='lat' dir='ltr'>constat</span> <span class='ocrx_word' id='word_1_214' title='bbox 941 1749 1106 1784; x_wconf 72' lang='lat' dir='ltr'>articulis</span> <span class='ocrx_word' id='word_1_215' title='bbox 1134 1749 1279 1791; x_wconf 84' lang='lat' dir='ltr'>crassis,</span> <span class='ocrx_word' id='word_1_216' title='bbox 1309 1749 1488 1785; x_wconf 77' lang='lat' dir='ltr'>brevibus</span> <span class='ocrx_word' id='word_1_217' title='bbox 1518 1756 1556 1785; x_wconf 88' lang='lat' dir='ltr'>et</span> <span class='ocrx_word' id='word_1_218' title='bbox 1575 1761 1708 1796; x_wconf 84' lang='lat' dir='ltr'>parum</span> <span class='ocrx_word' id='word_1_219' title='bbox 1729 1747 1946 1789; x_wconf 80' lang='lat' dir='ltr'>mobilibus,</span> 
     </span>
     <span class='ocr_line' id='line_1_25' title="bbox 198 1814 1947 1866; baseline -0.003 -13"><span class='ocrx_word' id='word_1_220' title='bbox 198 1829 354 1866; x_wconf 87' lang='lat' dir='ltr'>quorum</span> <span class='ocrx_word' id='word_1_221' title='bbox 382 1817 556 1857; x_wconf 82' lang='lat' dir='ltr'>ultimus,</span> <span class='ocrx_word' id='word_1_222' title='bbox 592 1821 727 1862; x_wconf 82' lang='lat' dir='ltr'>utpote</span> <span class='ocrx_word' id='word_1_223' title='bbox 756 1816 817 1862; x_wconf 79' lang='lat' dir='ltr'>qui</span> <span class='ocrx_word' id='word_1_224' title='bbox 845 1816 1005 1851; x_wconf 86' lang='lat' dir='ltr'>aliorum</span> <span class='ocrx_word' id='word_1_225' title='bbox 1034 1814 1323 1851; x_wconf 82' lang='lat' dir='ltr'>Crustaceorum</span> <span class='ocrx_word' id='word_1_226' title='bbox 1351 1823 1451 1851; x_wconf 85' lang='lat' dir='ltr'>tarso</span> <span class='ocrx_word' id='word_1_227' title='bbox 1478 1817 1706 1866; x_wconf 80' lang='lat' dir='ltr'>respondet,</span> <span class='ocrx_word' id='word_1_228' title='bbox 1743 1824 1947 1864; x_wconf 90' lang='lat' dir='ltr'>propemo-</span> 
     </span>
     <span class='ocr_line' id='line_1_26' title="bbox 196 1882 1946 1931; baseline -0.003 -11"><span class='ocrx_word' id='word_1_229' title='bbox 196 1886 285 1920; x_wconf 88' lang='lat' dir='ltr'>dum</span> <span class='ocrx_word' id='word_1_230' title='bbox 309 1885 384 1931; x_wconf 84' lang='lat' dir='ltr'>piri</span> <span class='ocrx_word' id='word_1_231' title='bbox 414 1884 529 1919; x_wconf 74' lang='lat' dir='ltr'>habet</span> <span class='ocrx_word' id='word_1_232' title='bbox 554 1882 729 1925; x_wconf 81' lang='lat' dir='ltr'>formam,</span> <span class='ocrx_word' id='word_1_233' title='bbox 756 1882 796 1917; x_wconf 86' lang='lat' dir='ltr'>in</span> <span class='ocrx_word' id='word_1_234' title='bbox 825 1882 996 1918; x_wconf 76' lang='lat' dir='ltr'>obtusum</span> <span class='ocrx_word' id='word_1_235' title='bbox 1024 1884 1270 1925; x_wconf 86' lang='lat' dir='ltr'>terminatur,</span> <span class='ocrx_word' id='word_1_236' title='bbox 1297 1894 1419 1928; x_wconf 78' lang='lat' dir='ltr'>ungue</span> <span class='ocrx_word' id='word_1_237' title='bbox 1446 1895 1601 1930; x_wconf 78' lang='lat' dir='ltr'>prorsus</span> <span class='ocrx_word' id='word_1_238' title='bbox 1629 1890 1751 1928; x_wconf 88' lang='lat' dir='ltr'>caret,</span> <span class='ocrx_word' id='word_1_239' title='bbox 1785 1888 1896 1929; x_wconf 88' lang='lat' dir='ltr'>atque</span> <span class='ocrx_word' id='word_1_240' title='bbox 1926 1892 1946 1914; x_wconf 90' lang='lat' dir='ltr'>e</span> 
     </span>
     <span class='ocr_line' id='line_1_27' title="bbox 195 1948 1946 1997; baseline -0.003 -12"><span class='ocrx_word' id='word_1_241' title='bbox 195 1952 314 1985; x_wconf 83' lang='lat' dir='ltr'>tribus</span> <span class='ocrx_word' id='word_1_242' title='bbox 337 1951 507 1997; x_wconf 81' lang='lat' dir='ltr'>partibus</span> <span class='ocrx_word' id='word_1_243' title='bbox 531 1950 595 1985; x_wconf 85' lang='lat' dir='ltr'>vel</span> <span class='ocrx_word' id='word_1_244' title='bbox 622 1949 792 1984; x_wconf 82' lang='lat' dir='ltr'>articulis</span> <span class='ocrx_word' id='word_1_245' title='bbox 815 1950 949 1984; x_wconf 86' lang='lat' dir='ltr'>intime</span> <span class='ocrx_word' id='word_1_246' title='bbox 975 1951 1079 1984; x_wconf 89' lang='lat' dir='ltr'>inter</span> <span class='ocrx_word' id='word_1_247' title='bbox 1102 1961 1146 1985; x_wconf 89' lang='lat' dir='ltr'>se</span> <span class='ocrx_word' id='word_1_248' title='bbox 1171 1951 1331 1992; x_wconf 78' lang='lat' dir='ltr'>coalitis,</span> <span class='ocrx_word' id='word_1_249' title='bbox 1358 1950 1414 1984; x_wconf 87' lang='lat' dir='ltr'>ita</span> <span class='ocrx_word' id='word_1_250' title='bbox 1437 1956 1478 1985; x_wconf 78' lang='lat' dir='ltr'>ut</span> <span class='ocrx_word' id='word_1_251' title='bbox 1503 1951 1576 1986; x_wconf 86' lang='lat' dir='ltr'>vix</span> <span class='ocrx_word' id='word_1_252' title='bbox 1592 1950 1771 1997; x_wconf 76' lang='lat' dir='ltr'>distingui</span> <span class='ocrx_word' id='word_1_253' title='bbox 1788 1948 1946 1996; x_wconf 83' lang='lat' dir='ltr'>possint,</span> 
     </span>
     <span class='ocr_line' id='line_1_28' title="bbox 200 2014 1947 2066; baseline -0.002 -13"><span class='ocrx_word' id='word_1_254' title='bbox 200 2024 258 2053; x_wconf 88' lang='lat' dir='ltr'>est</span> <span class='ocrx_word' id='word_1_255' title='bbox 286 2022 529 2052; x_wconf 77' lang='lat' dir='ltr'>constructus.</span> <span class='ocrx_word' id='word_1_256' title='bbox 557 2014 666 2061; x_wconf 76' lang='lat' dir='ltr'>(Tab.</span> <span class='ocrx_word' id='word_1_257' title='bbox 692 2015 754 2050; x_wconf 79' lang='grc' dir='ltr'>ΠΙ.</span> <span class='ocrx_word' id='word_1_258' title='bbox 781 2016 861 2066; x_wconf 78' lang='lat' dir='ltr'>Fig.</span> <span class='ocrx_word' id='word_1_259' title='bbox 889 2017 938 2062; x_wconf 79' lang='lat'>3.)</span> <span class='ocrx_word' id='word_1_260' title='bbox 966 2017 1072 2052; x_wconf 87' lang='lat' dir='ltr'>Pone</span> <span class='ocrx_word' id='word_1_261' title='bbox 1090 2029 1305 2054; x_wconf 84' lang='lat' dir='ltr'>convexam</span> <span class='ocrx_word' id='word_1_262' title='bbox 1332 2018 1396 2053; x_wconf 86' lang='lat' dir='ltr'>vel</span> <span class='ocrx_word' id='word_1_263' title='bbox 1421 2017 1646 2052; x_wconf 86' lang='lat' dir='ltr'>inferiorem</span> <span class='ocrx_word' id='word_1_264' title='bbox 1673 2017 1796 2052; x_wconf 78' lang='lat' dir='ltr'>trunci</span> <span class='ocrx_word' id='word_1_265' title='bbox 1821 2015 1947 2063; x_wconf 68' lang='lat' dir='ltr'>parie-</span> 
     </span>
     <span class='ocr_line' id='line_1_29' title="bbox 197 2083 1947 2131; baseline -0.001 -12"><span class='ocrx_word' id='word_1_266' title='bbox 197 2092 288 2126; x_wconf 85' lang='lat' dir='ltr'>tem,</span> <span class='ocrx_word' id='word_1_267' title='bbox 315 2084 373 2118; x_wconf 87' lang='lat' dir='ltr'>cui</span> <span class='ocrx_word' id='word_1_268' title='bbox 399 2095 467 2130; x_wconf 88' lang='lat' dir='ltr'>per</span> <span class='ocrx_word' id='word_1_269' title='bbox 489 2090 611 2118; x_wconf 81' lang='lat' dir='ltr'>totam</span> <span class='ocrx_word' id='word_1_270' title='bbox 638 2083 914 2129; x_wconf 83' lang='lat' dir='ltr'>longitudinem·</span> <span class='ocrx_word' id='word_1_271' title='bbox 942 2090 1042 2120; x_wconf 85' lang='lat' dir='ltr'>arcte</span> <span class='ocrx_word' id='word_1_272' title='bbox 1072 2091 1129 2119; x_wconf 88' lang='lat' dir='ltr'>est</span> <span class='ocrx_word' id='word_1_273' title='bbox 1156 2084 1379 2131; x_wconf 84' lang='lat' dir='ltr'>applicatus,</span> <span class='ocrx_word' id='word_1_274' title='bbox 1408 2085 1513 2119; x_wconf 90' lang='lat' dir='ltr'>omni</span> <span class='ocrx_word' id='word_1_275' title='bbox 1531 2089 1705 2131; x_wconf 84' lang='lat' dir='ltr'>tempore</span> <span class='ocrx_word' id='word_1_276' title='bbox 1732 2083 1855 2130; x_wconf 79' lang='lat' dir='ltr'>quivis</span> <span class='ocrx_word' id='word_1_277' title='bbox 1879 2093 1947 2129; x_wconf 87' lang='lat' dir='ltr'>pes</span> 
     </span>
     <span class='ocr_line' id='line_1_30' title="bbox 196 2150 1945 2198; baseline 0 -12"><span class='ocrx_word' id='word_1_278' title='bbox 196 2152 252 2187; x_wconf 76' lang='lat' dir='ltr'>ita</span> <span class='ocrx_word' id='word_1_279' title='bbox 278 2150 442 2196; x_wconf 79' lang='lat' dir='ltr'>inflexus</span> <span class='ocrx_word' id='word_1_280' title='bbox 469 2150 674 2193; x_wconf 73' lang='lat' dir='ltr'>invenitur,</span> <span class='ocrx_word' id='word_1_281' title='bbox 700 2157 740 2185; x_wconf 89' lang='lat' dir='ltr'>ut</span> <span class='ocrx_word' id='word_1_282' title='bbox 765 2151 886 2186; x_wconf 88' lang='lat' dir='ltr'>libera</span> <span class='ocrx_word' id='word_1_283' title='bbox 912 2152 992 2187; x_wconf 87' lang='lat' dir='ltr'>eius</span> <span class='ocrx_word' id='word_1_284' title='bbox 1016 2162 1103 2198; x_wconf 82' lang='lat' dir='ltr'>pars</span> <span class='ocrx_word' id='word_1_285' title='bbox 1132 2157 1310 2186; x_wconf 81' lang='lat' dir='ltr'>extrema</span> <span class='ocrx_word' id='word_1_286' title='bbox 1335 2163 1413 2186; x_wconf 90' lang='lat' dir='ltr'>non</span> <span class='ocrx_word' id='word_1_287' title='bbox 1442 2152 1563 2186; x_wconf 69' lang='lat' dir='ltr'>solum</span> <span class='ocrx_word' id='word_1_288' title='bbox 1591 2162 1737 2186; x_wconf 89' lang='lat' dir='ltr'>sursum</span> <span class='ocrx_word' id='word_1_289' title='bbox 1773 2156 1812 2185; x_wconf 83' lang='lat' dir='ltr'>et</span> <span class='ocrx_word' id='word_1_290' title='bbox 1836 2157 1945 2186; x_wconf 89' lang='lat' dir='ltr'>exte-</span> 
     </span>
     <span class='ocr_line' id='line_1_31' title="bbox 197 2217 1946 2265; baseline -0.001 -11"><span class='ocrx_word' id='word_1_291' title='bbox 197 2219 300 2254; x_wconf 77' lang='lat' dir='ltr'>riora</span> <span class='ocrx_word' id='word_1_292' title='bbox 321 2227 454 2253; x_wconf 86' lang='lat' dir='ltr'>versus</span> <span class='ocrx_word' id='word_1_293' title='bbox 482 2224 646 2264; x_wconf 82' lang='lat' dir='ltr'>spectet,</span> <span class='ocrx_word' id='word_1_294' title='bbox 688 2217 755 2252; x_wconf 80' lang='lat' dir='ltr'>sed</span> <span class='ocrx_word' id='word_1_295' title='bbox 793 2218 907 2253; x_wconf 85' lang='lat' dir='ltr'>etiam</span> <span class='ocrx_word' id='word_1_296' title='bbox 942 2219 1067 2265; x_wconf 89' lang='lat' dir='ltr'>ipsum</span> <span class='ocrx_word' id='word_1_297' title='bbox 1101 2219 1300 2254; x_wconf 85' lang='lat' dir='ltr'>lateralem</span> <span class='ocrx_word' id='word_1_298' title='bbox 1334 2218 1464 2253; x_wconf 79' lang='lat' dir='ltr'>annuli</span> <span class='ocrx_word' id='word_1_299' title='bbox 1498 2217 1708 2262; x_wconf 80' lang='lat' dir='ltr'>marginem</span> <span class='ocrx_word' id='word_1_300' title='bbox 1745 2217 1946 2263; x_wconf 83' lang='lat' dir='ltr'>contingat.</span> 
     </span>
     <span class='ocr_line' id='line_1_32' title="bbox 199 2283 1945 2334; baseline -0.002 -13"><span class='ocrx_word' id='word_1_301' title='bbox 199 2286 341 2321; x_wconf 86' lang='lat' dir='ltr'>Omnes</span> <span class='ocrx_word' id='word_1_302' title='bbox 366 2284 485 2332; x_wconf 80' lang='lat' dir='ltr'>pedes</span> <span class='ocrx_word' id='word_1_303' title='bbox 513 2296 616 2328; x_wconf 79' lang='lat' dir='ltr'>vere,</span> <span class='ocrx_word' id='word_1_304' title='bbox 644 2291 775 2334; x_wconf 80' lang='lat' dir='ltr'>utpote</span> <span class='ocrx_word' id='word_1_305' title='bbox 803 2285 865 2332; x_wconf 83' lang='lat' dir='ltr'>qui</span> <span class='ocrx_word' id='word_1_306' title='bbox 891 2285 971 2320; x_wconf 80' lang='lat' dir='ltr'>fere</span> <span class='ocrx_word' id='word_1_307' title='bbox 998 2286 1134 2323; x_wconf 85' lang='lat' dir='ltr'>eadem</span> <span class='ocrx_word' id='word_1_308' title='bbox 1162 2290 1249 2320; x_wconf 84' lang='lat' dir='ltr'>sunt</span> <span class='ocrx_word' id='word_1_309' title='bbox 1276 2283 1527 2330; x_wconf 76' lang='lat' dir='ltr'>longitudine,</span> <span class='ocrx_word' id='word_1_310' title='bbox 1553 2289 1633 2319; x_wconf 74' lang='lat' dir='ltr'>tum</span> <span class='ocrx_word' id='word_1_311' title='bbox 1660 2289 1821 2330; x_wconf 78' lang='lat' dir='ltr'>propter</span> <span class='ocrx_word' id='word_1_312' title='bbox 1839 2294 1945 2318; x_wconf 81' lang='lat' dir='ltr'>suam</span> 
     </span>
    </p>
   </div>
   <div class='ocr_carea' id='block_1_4' title="bbox 195 2405 403 2412">
    <p class='ocr_par' dir='ltr' id='par_1_7' title="bbox 195 2405 403 2412">
     <span class='ocr_line' id='line_1_33' title="bbox 195 2405 403 2412; baseline 0 492"><span class='ocrx_word' id='word_1_313' title='bbox 195 2405 403 2412; x_wconf 95' lang='lat' dir='ltr'> </span> 
     </span>
    </p>
   </div>
   <div class='ocr_carea' id='block_1_5' title="bbox 284 2482 1688 2528">
    <p class='ocr_par' dir='ltr' id='par_1_8' title="bbox 284 2482 1688 2528">
     <span class='ocr_line' id='line_1_34' title="bbox 284 2482 1688 2528; baseline -0.002 -11"><span class='ocrx_word' id='word_1_314' title='bbox 284 2487 316 2524; x_wconf 44' lang='lat' dir='ltr'>a)</span> <span class='ocrx_word' id='word_1_315' title='bbox 341 2485 587 2517; x_wconf 82' lang='lat' dir='ltr'>Desmarest</span> <span class='ocrx_word' id='word_1_316' title='bbox 614 2486 646 2518; x_wconf 87' lang='lat' dir='ltr'>in</span> <span class='ocrx_word' id='word_1_317' title='bbox 667 2484 932 2519; x_wconf 63' lang='lat' dir='ltr'>Consid‘erations·</span> <span class='ocrx_word' id='word_1_318' title='bbox 951 2485 1121 2528; x_wconf 82' lang='lat' dir='ltr'>generales</span> <span class='ocrx_word' id='word_1_319' title='bbox 1144 2496 1198 2517; x_wconf 82' lang='lat' dir='ltr'>sur</span> <span class='ocrx_word' id='word_1_320' title='bbox 1218 2484 1251 2516; x_wconf 83' lang='lat' dir='ltr'>la</span> <span class='ocrx_word' id='word_1_321' title='bbox 1281 2485 1382 2517; x_wconf 77' lang='lat' dir='ltr'>classe</span> <span class='ocrx_word' id='word_1_322' title='bbox 1407 2483 1466 2516; x_wconf 80' lang='lat' dir='ltr'>d&#39;es</span> <span class='ocrx_word' id='word_1_323' title='bbox 1490 2482 1688 2515; x_wconf 65' lang='lat' dir='ltr'>Crustacees.</span> 
     </span>
    </p>
   </div>
  </div>
 </body>
</html>
