2150 2904
1061 256 1082 290 7

184 362 257 408 Qui
296 364 428 400 lacerti
453 370 555 400 arcte
577 365 677 400 inter
702 374 743 400 se
771 363 944 399 contexti
970 363 1169 405 videntur,
1193 360 1235 396 in
1261 361 1446 398 inferiore
1472 363 1638 399 laminae
1664 362 1763 398 facie
1786 373 1944 409 perpar-

184 443 277 469 vum
305 433 537 468 constituunt
561 432 789 474 umbonem,
818 437 930 478 atque
957 431 1068 465 iuxta
1095 429 1328 464 exteriorem
1356 430 1489 476 capitis
1510 431 1732 477 marginem,
1760 441 1832 477 quo
1860 430 1943 464 loco

184 500 329 536 lamina
357 500 548 546 descripta
569 499 748 535 valvulae
775 500 896 533 instar
923 509 1007 533 cum
1035 495 1158 543 capite
1187 502 1246 531 est
1272 496 1482 541 coniuncta,
1508 496 1603 543 (Fig.
1628 499 1661 541 6,
1691 497 1727 539 d,
1743 494 1790 542 d)
1818 495 1944 542 ipsum

183 568 303 614 partis
327 567 428 602 illius
454 577 588 603 cavum
613 566 766 601 intrant.
792 564 972 600 Dubitari
998 564 1110 610 igitur
1126 575 1204 599 non
1229 569 1368 611 potest,
1397 564 1487 610 quin
1511 564 1626 610 primi
1653 563 1755 611 paris
1775 563 1943 598 laminae

183 634 436 669 musculorum
464 646 536 681 ope
563 632 679 669 modo
708 632 803 678 erigi
830 637 869 666 et
893 631 1060 667 invicem
1089 631 1276 674 amoveri,
1302 629 1420 665 modo
1449 630 1564 677 capiti
1594 631 1731 665 arctius
1759 628 1944 676 applicari

181 701 341 747 possint.
400 701 581 747 Reliquae
617 699 784 734 laminae
821 711 905 735 cum
939 698 1102 734 totidem
1137 698 1261 733 trunci
1299 697 1467 732 articulis
1509 702 1598 732 sunt
1637 696 1818 739 coalitae,
1852 701 1943 742 quot

182 778 312 802 earum
346 768 518 815 ipsarum
553 767 801 803 inveniuntur
836 767 963 814 paria3
1000 767 1135 801 ambae
1169 776 1263 801 vero
1291 764 1492 800 cuiuslibet
1516 764 1620 811 paris
1656 764 1824 799 laminae
1859 771 1944 797 cum

180 834 364 870 inferiore
397 835 520 870 trunci
553 835 650 870 facie
692 834 793 870 inter
834 840 873 869 et
911 844 1031 881 prope
1075 831 1223 866 articuli
1257 832 1316 867 sui
1350 831 1470 879 pedes
1505 831 1718 866 cohaerent.
1780 827 1946 865 Secundi

179 901 282 948 paris
309 901 490 944 laminae,
518 913 582 937 eas
606 902 703 945 dico,
732 913 828 949 quae
856 902 981 949 primo
997 899 1119 935 trunci
1148 899 1288 934 annulo
1311 898 1534 942 adhaerent,
1558 898 1684 933 forma
1708 902 1795 933 sunt
1811 894 1943 932 admo-

179 966 270 1003 dum
295 969 484 1011 anomala,
512 980 554 1004 se
579 970 747 1006 invicem
778 969 978 1014 attingunt,
1006 971 1045 1001 et
1070 966 1185 1012 primi
1212 967 1317 1012 paris
1344 966 1510 1001 laminas
1534 977 1612 1000 non
1638 965 1760 1000 solum
1789 961 1944 998 omnino

177 1034 260 1070 fere
304 1036 504 1082 obtegunt,
547 1036 616 1071 sed
643 1035 759 1070 etiam
795 1040 875 1070 tam
911 1039 1014 1070 arcte
1050 1033 1098 1068 iis
1130 1038 1217 1067 sunt
1247 1033 1482 1079 applicatae,
1523 1037 1567 1067 ut
1602 1042 1732 1067 earum
1776 1031 1945 1077 ipsarum

180 1103 355 1148 superior
370 1103 487 1137 facies
503 1104 657 1136 illarum
683 1102 875 1135 inferioris
902 1101 1015 1133 faciei
1040 1101 1230 1142 integram
1261 1100 1445 1134 exhibeat
1469 1099 1689 1144 imaginem.
1715 1097 1814 1143 (Fig.
1829 1098 1862 1137 5,
1880 1094 1947 1139 0¹²⁴)-

179 1163 302 1201 Tertii
329 1172 369 1200 et
395 1165 516 1211 quarti
538 1165 642 1211 paris
664 1163 831 1198 laminae
865 1163 1136 1207 triangularem
1169 1161 1250 1195 fere
1285 1162 1430 1196 habent
1461 1164 1648 1204 formam,
1683 1161 1805 1207 quinti
1839 1170 1945 1202 vero,

178 1231 369 1280 imprimis
397 1237 525 1267 autem
551 1231 656 1266 sexti
680 1230 744 1267 vel
771 1228 897 1263 ultimi
923 1228 1057 1275 paris„
1083 1227 1223 1274 quippe
1260 1237 1356 1274 quae
1388 1227 1464 1262 illis
1492 1228 1613 1262 multo
1648 1227 1726 1262 sint
1757 1226 1947 1273 longiores

178 1298 457 1347 propemodum
486 1298 595 1333 falcis
621 1297 788 1344 speciem
816 1295 1057 1331 adumbrant.
1110 1294 1254 1329 Sextus
1282 1293 1437 1340 quidem
1467 1300 1505 1329 et
1530 1294 1716 1340 septimus
1734 1291 1857 1327 trunci
1880 1302 1948 1326 an-

179 1366 292 1402 nulus
316 1364 488 1408 laminis,
524 1374 619 1410 quae
655 1374 751 1399 cavo
782 1363 921 1397 fotorio
949 1360 1215 1397 constituendo
1241 1360 1475 1404 inserviant,
1504 1366 1653 1402 carent,
1688 1359 1814 1394 ultimi
1840 1358 1947 1405 paris

180 1433 349 1469 laminae
384 1438 517 1467 tamen
543 1432 598 1466 ita
631 1436 719 1465 sunt
744 1429 972 1476 productae,
1008 1435 1049 1464 ut
1082 1439 1160 1463 non
1187 1427 1310 1461 solum
1338 1427 1540 1462 branchias
1568 1426 1774 1471 attingant,
1810 1435 1946 1461 verum

183 1501 300 1536 etiam
331 1510 398 1543 ea,
431 1510 526 1545 quae
555 1510 578 1533 a
602 1498 774 1541 longiore
810 1493 976 1541 corporis
1016 1497 1138 1530 latere
1173 1494 1430 1540 proficiscatur
1467 1504 1637 1539 quaeque
1675 1491 1846 1526 omnium
1889 1495 1949 1525 est

181 1566 370 1607 maxima,
397 1565 507 1599 alteri
529 1573 705 1610 magnam
725 1561 775 1596 ad
799 1566 950 1607 partem
981 1562 1205 1607 applicetur,
1230 1558 1300 1592 hac
1329 1559 1381 1593 ex
1409 1569 1521 1592 causa
1539 1565 1667 1592 autem
1686 1568 1822 1593 cavum
1846 1555 1946 1590 foto-

180 1632 280 1669 rium
306 1630 506 1667 branchias
527 1640 660 1666 versus
684 1628 838 1675 penitus
867 1626 1049 1661 occludat.
1077 1627 1221 1668 Restat,
1248 1629 1290 1658 ut
1316 1634 1509 1665 moneam,
1537 1623 1690 1657 laminis
1708 1623 1823 1669 primi
1841 1622 1947 1668 paris

182 1698 376 1747 exceptis,
408 1698 575 1745 reliquas
608 1693 874 1732 tantummodo
903 1706 923 1728 e
951 1695 1045 1729 cutis
1081 1693 1322 1740 duplicatura
1358 1695 1396 1725 et
1431 1691 1559 1737 aliqua
1595 1689 1695 1724 telae
1740 1688 1946 1724 cellulosae

183 1767 294 1814 eopia
320 1777 403 1802 esse
432 1770 676 1807 constructas,
702 1763 880 1798 musculis
906 1767 1032 1796 autem
1062 1772 1126 1811 eas
1155 1760 1311 1795 omnino
1337 1768 1479 1792 carere.

351 1830 483 1868 Cauda
509 1838 640 1867 trunco
666 1831 786 1866 multo
815 1835 872 1864 est
906 1830 1031 1864 minor
1058 1827 1252 1872 multoque
1279 1825 1400 1871 magis
1434 1825 1686 1872 complanata.
1739 1821 1899 1858 Constat
1925 1834 1946 1857 e

185 1911 259 1935 sex
293 1900 479 1941 articulis,
516 1899 578 1945 qui
604 1904 717 1944 prout
752 1898 847 1932 alius
872 1897 988 1932 alium
1023 1894 1252 1941 insequitur,
1286 1893 1408 1938 magis
1441 1892 1635 1939 magisque
1671 1890 1944 1930 diminuuntur,

184 1968 239 2002 ita
265 1972 306 2001 ut
331 1967 476 2014 primus
500 1964 669 1999 omnium
691 1956 897 1998 latissimus
925 1968 964 1998 et
989 1962 1184 1997 maximus
1213 1962 1274 2003 sit,
1300 1960 1455 1995 ultimus
1481 1970 1595 2002 vero,
1624 1957 1685 2004 qui
1714 1964 1945 2002 perparvam

186 2040 226 2068 et
260 2032 529 2079 triangularem
564 2030 645 2066 fere
680 2029 797 2064 refert
824 2031 1015 2072 tabulam,
1051 2029 1123 2065 vix
1152 2027 1279 2064 videri
1315 2033 1353 2062 et
1388 2025 1553 2062 discerni
1587 2024 1718 2071 possit.
1781 2019 1890 2066 (Tab.
1916 2019 1944 2054 I.

186 2099 267 2146 Fig.
296 2103 329 2142 5,
355 2099 436 2146 Fig.
465 2103 484 2134 7
515 2105 552 2133 et
580 2096 628 2143 8.)
681 2097 823 2134 Ultimo
865 2103 1029 2144 excepto
1071 2095 1232 2143 quilibet
1275 2106 1407 2130 eorum
1451 2104 1527 2128 uno
1562 2091 1829 2126 branchiarum
1861 2087 1945 2133 pari

185 2167 386 2202 instructus
421 2174 487 2201 est.
522 2166 634 2212 (Tab.
657 2165 684 2200 Ι.
709 2165 791 2211 Fig.
819 2169 853 2208 5,
872 2165 1033 2213 f‚f‚f.)
1067 2163 1168 2210 quod
1204 2162 1357 2210 quidem
1401 2172 1484 2195 cum
1525 2157 1700 2193 inferiori
1734 2155 1814 2189 eius
1849 2153 1946 2188 facie

187 2234 375 2277 cohaeret,
401 2233 573 2280 quodque
598 2245 643 2268 eo
670 2232 795 2267 minus
824 2237 900 2275 est,
936 2243 1008 2278 quo
1037 2230 1178 2265 minori
1201 2228 1344 2263 caudae
1373 2227 1531 2263 articulo
1554 2224 1748 2259 adhaeret.
1803 2220 1945 2255 Omnes

187 2301 390 2337 branchiae
419 2306 547 2336 autem
573 2300 732 2334 totidem
761 2298 933 2333 referunt
966 2297 1060 2332 folia
1086 2295 1295 2342 simplicia,
1322 2294 1470 2336 laevia,
1504 2291 1704 2332 crassiora,
1741 2287 1945 2334 subrigida,

189 2368 315 2416 plana,
343 2366 589 2414 triangularia
615 2367 707 2409 fere,
737 2372 775 2401 et
801 2365 897 2400 ciliis
925 2369 990 2397 aut
1016 2365 1106 2398 setis
1133 2373 1285 2411 prorsus
1314 2360 1492 2396 carentia.
1545 2357 1662 2405 Apex
1689 2366 1820 2391 earum
1847 2366 1945 2389 sem-

191 2446 260 2483 per
296 2435 377 2471 fere
412 2434 589 2469 deorsum
625 2438 663 2467 et
687 2433 902 2479 posteriora
943 2441 1076 2467 versus
1116 2435 1271 2477 spectat.
1332 2426 1443 2470 Quod
1486 2425 1650 2472 denique
1687 2422 1736 2458 ad
1772 2427 1944 2457 mutuum

193 2514 323 2539 earum
352 2503 466 2539 situm
493 2501 641 2544 attinet,
666 2500 708 2536 in
731 2505 890 2547 utraque
918 2498 1084 2546 corporis
1112 2497 1273 2533 dimidia
1297 2500 1406 2544 parte
1433 2493 1584 2529 laterali
1612 2492 1688 2527 alia
1723 2489 1837 2525 aliam
1872 2488 1944 2521 iru-
