2150 2904
1027 269 1075 302 39

301 384 343 405 ex
364 373 474 405 eadem
495 378 675 404 constructa
695 377 745 403 est
766 371 943 403 substantia
965 379 997 404 et
1019 373 1156 404 eundem
1178 371 1275 403 habet
1297 372 1450 411 colorem,
1472 377 1566 415 atque
1589 373 1781 406 intermedia
1801 375 1921 406 ventri-

303 433 366 464 culi
389 432 582 464 membrana.

339 509 370 556 ξ.
399 513 431 544 8.
480 508 615 543 Tribus
651 513 716 542 aut
745 514 904 555 quatuor
949 509 1082 555 primis
1118 514 1157 543 et
1190 508 1352 543 totidem
1386 508 1530 543 ultimis
1567 509 1733 554 corporis
1774 508 1923 543 annulis

177 577 360 623 exceptis,
390 576 620 621 reliquorum
646 575 900 622 unusquisque
930 574 1075 611 duobus
1098 576 1298 622 perparvis
1327 581 1366 610 et
1401 575 1689 611 flavescentibus
1719 576 1921 610 instructus

175 650 232 679 est
259 643 425 688 organis,
462 652 556 687 quae
587 642 628 676 in
663 642 842 677 inferiore
880 642 944 677 vel
979 642 1143 678 ventrali
1179 642 1325 676 articuli
1352 645 1498 688 pariete
1526 642 1636 676 iuxta
1670 642 1922 677 musculorum

173 709 504 753 longitudinalium
533 710 745 744 exteriores
772 710 979 755 margines,
1004 711 1133 757 itaque
1160 709 1201 742 in
1227 708 1490 743 branchiarum
1518 708 1610 754 ipsis
1638 708 1797 750 truncis,
1822 707 1925 742 inter

172 776 287 810 fibras
315 776 543 809 musculares
571 782 808 811 transversas
834 777 957 810 locum
985 776 1135 811 habent.
1190 774 1296 821 (Tab.
1322 774 1367 810 Π.
1394 775 1474 820 Fig.
1505 778 1561 817 12,
1592 773 1643 819 L).
1682 773 1715 808 A
1742 775 1820 808 tela
1849 773 1924 807 cel-

172 842 313 884 Iulosa‚
347 851 441 887 quae
473 841 572 875 inter
598 842 710 876 fibras
744 842 828 876 illas
855 843 1057 877 intercedit
1084 853 1221 889 easque
1251 843 1435 888 contegit,
1469 841 1524 875 ita
1558 845 1645 874 sunt
1671 839 1855 880 involuta,
1882 844 1926 873 ut

173 909 326 954 paulum
356 913 503 941 tantum
530 908 571 942 in
598 909 763 954 corporis
791 921 924 946 cavum
950 910 1203 956 promineant.
1259 909 1475 944 Secundum
1513 906 1640 942 varios
1667 905 1809 941 vermis
1836 905 1927 939 arti-

173 974 275 1009 culos
308 972 357 1007 ad
389 973 551 1009 formam
588 983 627 1011 et
660 976 961 1022 magnitudinem
996 977 1267 1022 aliquantulum
1305 977 1457 1023 quidem
1498 973 1669 1014 variant,
1706 971 1747 1005 in
1785 982 1925 1017 genere

172 1045 303 1074 tamen
328 1041 641 1077 membranaceos
666 1042 838 1077 referunt
863 1042 1062 1084 utriculos,
1098 1044 1161 1089 qui
1189 1055 1272 1077 cum
1308 1044 1354 1077 iis
1388 1042 1638 1077 chemicorum
1672 1038 1793 1080 vasis,
1830 1048 1925 1084 quae

171 1114 338 1142 retortae
367 1107 616 1152 appellantur,
645 1108 857 1152 comparari
883 1114 1050 1151 possent,
1078 1110 1109 1140 si
1136 1120 1265 1141 eorum
1287 1110 1436 1148 collum,
1465 1106 1564 1151 quod
1583 1105 1788 1138 admodum
1807 1105 1924 1138 breve

171 1173 378 1214 invenitur,
406 1172 551 1216 longius
578 1179 617 1206 et
643 1173 766 1206 minus
793 1172 979 1205 inflexum
1009 1178 1116 1206 esset.
1145 1172 1283 1206 Omnia
1310 1183 1421 1217 porro
1448 1172 1503 1205 ita
1520 1177 1606 1204 sunt
1622 1171 1707 1211 sita,
1734 1176 1775 1203 ut
1794 1179 1924 1203 eorum

171 1238 310 1274 fundus
337 1237 539 1272 branchiae
562 1248 708 1280 ramos,
732 1238 868 1271 collum
895 1247 988 1272 vero
1017 1242 1175 1271 tractum
1202 1238 1468 1272 intestinorum
1497 1241 1654 1282 spectet.
1717 1233 1924 1277 Quodlibet

172 1304 427 1350 compluribus
461 1304 584 1349 iisque
620 1304 851 1338 tenuissimis
885 1302 1099 1348 praeditum
1142 1310 1199 1337 est
1233 1304 1338 1339 vasis
1368 1302 1609 1348 sanguiferis,
1644 1313 1739 1347 quae
1773 1301 1814 1336 in
1841 1302 1923 1335 eius

172 1370 369 1416 superficie
396 1370 733 1404 minutissimarum
762 1369 993 1403 macularum
1018 1370 1248 1403 constituunt
1274 1374 1367 1402 rete.
1421 1365 1530 1408 Quod
1557 1373 1684 1402 autem
1713 1366 1761 1401 ad
1790 1376 1920 1400 eorum

171 1446 311 1471 nervos
336 1436 485 1478 attinet,
508 1435 800 1482 unumquodque
826 1435 980 1481 proprio
1007 1436 1227 1469 instructum
1263 1441 1321 1469 est
1345 1435 1514 1476 ramulo,
1550 1433 1611 1480 qui
1639 1444 1691 1467 ex
1725 1433 1810 1479 ipsa
1840 1443 1922 1466 me·

173 1500 277 1536 dulla
303 1502 466 1537 ventrali
493 1502 557 1537 vel
584 1501 818 1546 gangliorum
845 1508 980 1535 catena
1005 1501 1252 1547 proficiscitur
1281 1507 1319 1535 et
1345 1502 1497 1547 organi,
1533 1500 1581 1534 de
1620 1510 1692 1545 quo
1720 1498 1922 1544 loquimur,

172 1564 333 1602 fundum
360 1568 467 1612 petit.

337 1632 415 1667 Diu
440 1633 578 1667 frustra
603 1639 788 1666 semitatus
814 1644 909 1675 sum,
935 1633 1056 1679 qualis
1084 1642 1306 1677 organorum
1336 1631 1612 1677 descriptorum
1640 1637 1741 1666 esset
1764 1631 1923 1673 functio,

172 1698 346 1746 inprimis
367 1709 473 1740 vero,
498 1710 588 1733 num
617 1709 663 1733 ea
689 1699 843 1744 proprio
864 1699 1048 1733 instructa
1075 1704 1203 1732 essent
1230 1699 1327 1732 ostio
1355 1710 1423 1732 nec
1439 1710 1499 1732 ne.
1527 1697 1699 1733 Tandem
1718 1696 1923 1744 aliquando

173 1766 330 1810 contigit
355 1765 459 1807 mihi,
484 1770 526 1799 ut
554 1765 601 1800 de
629 1776 759 1799 eorum
786 1770 824 1799 et
850 1764 1043 1798 functione
1073 1770 1111 1798 et
1136 1770 1320 1798 structura
1345 1764 1412 1807 ita,
1438 1771 1481 1799 ut
1507 1770 1753 1811 optaveram,
1784 1762 1923 1797 certior

171 1831 305 1866 fierim.
358 1830 510 1865 Etenim
541 1843 654 1878 quum
682 1831 750 1865 sub
776 1830 917 1865 mensis
935 1830 1065 1865 Martii
1089 1832 1204 1865 finem
1230 1831 1443 1877 complures
1468 1831 1702 1866 invenissem
1721 1828 1922 1870 Nereides,

174 1909 270 1945 quae
297 1896 476 1942 gravidae
502 1897 582 1932 iam
608 1903 730 1940 erant,
755 1896 847 1932 baec
874 1897 1086 1933 observavi.
1122 1897 1264 1931 Omnes
1293 1898 1497 1940 cavitates,
1537 1908 1630 1944 quae
1664 1896 1765 1931 inter
1795 1901 1920 1929 cutem

176 1965 330 2010 eiusque
361 1962 471 1997 fibras
498 1964 728 1998 musculares
763 1970 801 1998 et
831 1969 991 1999 tractum
1019 1964 1288 1998 intestinorum
1324 1964 1746 2005 animadvertebantur‚
1783 1970 1922 2006 magna

175 2041 334 2067 ovorum
362 2030 471 2076 copia
497 2032 669 2077 repletae
696 2037 815 2073 erant,
841 2031 925 2076 ipsa
953 2041 1027 2066 ova
1053 2036 1179 2064 autem
1198 2030 1325 2065 album
1342 2030 1533 2066 habebant
1548 2030 1725 2071 colorem,
1750 2027 1922 2074 globulos

176 2096 304 2142 granis
329 2097 533 2142 papaveris
560 2097 679 2131 multo
705 2098 872 2132 minores
898 2096 1125 2138 referebant,
1154 2102 1194 2130 et
1217 2107 1402 2143 nusquam
1430 2108 1514 2132 cum
1540 2096 1730 2142 proximis
1749 2093 1923 2141 partibus

177 2162 439 2197 cohaerebant.
463 2163 688 2199 Intestinum
713 2164 851 2210 ubique
880 2162 1176 2206 circumdabant,
1201 2163 1291 2210 quin
1313 2164 1430 2198 etiam
1455 2163 1496 2197 in
1521 2161 1712 2197 nonnullis
1730 2159 1924 2205 exemplis

176 2228 439 2264 branchiarum
469 2235 618 2265 truncos
653 2230 772 2275 magis
813 2230 987 2265 minusve
1029 2231 1252 2276 implebant.
1319 2229 1477 2265 Utriculi
1517 2239 1631 2270 vero,
1672 2237 1766 2273 quos
1806 2234 1923 2270 supra

178 2294 382 2341 descripsi,
414 2296 454 2330 in
484 2296 674 2342 plerisque
705 2296 781 2330 illis
816 2295 1005 2341 exemplis
1036 2295 1151 2342 duplo
1185 2295 1266 2330 fere
1297 2296 1462 2330 maiores
1490 2301 1617 2336 erant,
1653 2304 1767 2340 quam
1792 2292 1832 2325 in
1858 2290 1922 2331 iis,

180 2370 275 2406 quae
297 2362 401 2407 prius
433 2362 703 2406 dissecueram,
726 2369 839 2409 atque
859 2361 995 2407 singuli
1022 2374 1138 2399 ovum
1165 2363 1410 2397 continebant
1431 2362 1552 2407 magis
1577 2362 1750 2396 minusve
1788 2357 1921 2392 excul-

180 2435 261 2463 tum
288 2428 460 2473 quidem,
495 2428 536 2463 in
564 2440 701 2474 genere
733 2435 865 2464 tamen
891 2429 1051 2463 minoris
1074 2428 1366 2475 magnitudinis,
1401 2439 1512 2475 quam
1548 2439 1642 2475 quae
1678 2428 1720 2461 in
1753 2421 1921 2470 corpori-‘³

182 2505 276 2529 cavo
300 2492 416 2527 libere
436 2494 684 2531 versabantur
710 2506 793 2533 ova.
845 2495 1097 2533 Utriculorum
1124 2496 1262 2532 collum
1287 2495 1408 2530 multo
1433 2494 1606 2542 amplius,
1629 2504 1741 2541 quam
1768 2492 1809 2525 in
1835 2487 1921 2523 affiS
